3208 4938
318 417 367 463 nn
390 413 598 461 vuunonuu
623 413 936 462 stuutrtuurrouu
961 416 1033 462 utu.
1058 415 1154 464 xrtt.
1220 399 1286 466 829

231 560 396 642 sepultam
407 553 570 640 iirrpeium
585 555 631 618 ibi
645 555 806 640 uirginem,
823 576 890 640 quur,
906 575 982 620 eum
996 563 1141 622 montem
1152 558 1286 624 Sabinis

227 657 358 742 prodere
377 667 473 741 putta
495 666 575 734 erut,
603 656 648 720 itu
677 658 866 720 nominatus
893 666 967 722 est:
992 659 1046 722 vul
1068 657 1109 722 ab
1136 681 1182 738 eu,
1204 661 1288 746 quoti

231 758 357 844 quidum
380 762 501 822 numine
525 758 565 821 L.
579 757 749 840 Tarpeius
777 757 929 822 Romulo
956 761 1034 844 regi,
1065 782 1134 824 cum
1156 774 1288 845 propter

232 867 343 943 ruptas
367 861 510 942 virgines
535 860 773 936 adversaretur,
790 859 823 922 in
839 880 874 921 tu
894 872 1000 943 purte,
1015 884 1078 948 qua
1092 883 1207 930 saxum
1224 873 1287 943 est,

234 962 276 1026 do
296 963 401 1027 noxio
425 982 528 1044 poentt
552 971 666 1036 suuntu,
696 957 863 1045 Tarpeium
885 961 1012 1042 dictum,
1039 966 1215 1030 noluerunt
1237 966 1288 1032 su·

234 1071 362 1130 nestum
374 1065 483 1129 locum
499 1083 569 1128 curt
587 1061 688 1126 ultera
701 1072 792 1146 purte
804 1062 967 1145 Capitolii
982 1065 1150 1149 conjungi.

192 1169 371 1234 Scaurum·
396 1167 511 1246 volgus
538 1164 671 1247 quidem
696 1173 730 1228 et
752 1165 786 1228 in
801 1165 892 1230 bona
911 1172 946 1230 ut
965 1167 1000 1230 in
1015 1168 1106 1232 mula
1120 1187 1154 1232 re
1171 1175 1286 1235 vocat:

234 1289 308 1334 curn
324 1267 416 1331 uiunt
426 1269 560 1342 bonam,
574 1275 604 1328 et
623 1267 745 1332 maiam
761 1288 906 1330 scurram:
928 1278 963 1331 ut
977 1269 1137 1352 scriptores
1153 1272 1185 1337 in
1200 1272 1290 1338 mala

235 1389 359 1453 ponere
380 1377 605 1444 consueverunt,
626 1377 661 1430 ut
677 1370 767 1451 apud
796 1367 937 1433 Graeoos
957 1369 1114 1434 iuvenitur
1132 1369 1288 1455 positum:

235 1489 297 1554 pro
321 1471 460 1536 sinistro
485 1489 626 1534 scaevum
651 1471 810 1554 usttrpuvit
829 1467 974 1535 Hostius
998 1473 1031 1536 in
1054 1473 1136 1538 belli
1152 1473 1289 1538 Histrici

237 1571 317 1634 libro
1194 1591 1195 1594 ’

529 1720 536 1736 .
624 1675 725 1738 sentit
740 1693 886 1738 scaurum
988 1723 997 1742 .
1087 1723 1094 1737 .
1185 1721 1192 1738 .

528 1819 536 1838 .
624 1777 696 1840 obit
713 1778 847 1860 penitus
887 1821 1288 1842 .....

195 1878 382 1942 Sumturus
399 1874 521 1940 dicitur
535 1877 636 1948 mala,
652 1879 750 1959 quasi
767 1878 917 1942 sinistras
939 1876 1038 1941 ruatis
1053 1880 1138 1942 enim
1156 1878 1289 1960 [Puuu.

236 1977 359 2042 Graeco
371 1978 541 2041 sinistrum
557 1979 689 2042 dicitur.

196 2076 451 2144 Scanduluctt³¹³
474 2099 581 2160 genus
612 2081 723 2143 herbae
752 2079 902 2161 frugibus
926 2081 1080 2156 inimicae,
1109 2080 1199 2163 quod
1229 2100 1290 2146 eus

239 2181 328 2244 reiut
339 2179 461 2243 hedera
475 2180 679 2264 implicando
693 2187 803 2244 necat.

196 2279 401 2348 Scanduluru
414 2301 511 2365 genus
526 2279 624 2344 iterbcr
626 2279 781 2365 frugibus
797 2281 957 2358 inimicae,
973 2281 1066 2366 qnod
1084 2302 1143 2348 uus
1165 2283 1289 2363 [Fusr.

239 2381 322 2446 velut
333 2379 422 2444 edera
438 2381 623 2466 implicando
634 2390 742 2447 necat.

654 2579 832 2599 ΟΜΝ,

230 2713 245 2758 8
262 2708 311 2760 Ed.
324 2711 390 2760 Seri.
402 2711 554 2761 Scaurum.
587 2713 725 2763 Turnebus
737 2715 802 2778 legit
818 2712 973 2762 struuntur.

692 2924 798 2974 NOTAE

231 3033 377 3096 ’δειπνῇ
411 3033 456 3083 nu
484 3035 566 3083 videri
588 3033 685 3083 dictum
712 3049 727 3082 s
765 3034 1294 3100 uuettnr‚quouRomaniustrtrtruorae·

201 3107 311 3170 (iraeeis,
329 3111 374 3172 qui
399 3123 511 3159 scaeuunt
534 3111 664 3159 sinistrum
689 3109 726 3158 di·
766 3109 1294 3162 cisvernetburbaristieriruiuttrtrsint.

201 3191 279 3233 eunt:
304 3185 336 3234 sd
354 3187 422 3249 qnod
440 3185 563 3234 Hostium
578 3189 602 3234 in
615 3187 726 3249 quintium
765 3190 893 3238 'I'ttiiiust.
909 3189 1062 3236 deditinrt.
1086 3186 1182 3235 ‘Haud
1197 3187 1295 3249 ignoro,

200 3259 267 3308 libro
285 3259 347 3309 betti
366 3259 475 3309 Histrici
493 3267 586 3310 testem
604 3263 727 3322 prouinci-
768 3277 826 3326 quus
841 3263 994 3322 bonasunt3
1013 3263 1118 3311 sinistra
1133 3277 1180 3310 nos
1197 3263 1295 3318 dicere,

201 3335 255 3384 but.
287 3335 386 3383 Vsrro:
414 3334 530 3398 ‘nequid
556 3335 624 3382 obsit
653 3335 728 3383 bonus
768 3339 844 3386 etiaur
857 3339 877 3385 si
891 3337 984 3386 dextra
996 3347 1063 3398 sunt,
1074 3339 1119 3385 seri
1130 3337 1210 3386 nostri
1222 3337 1297 3385 sinis·

200 3409 400 3459 scaeraecruttst’
417 3410 727 3473 indescaerolrappelir-
769 3419 835 3461 trum
848 3415 1052 3467 nominaverunt,
1069 3413 1223 3476 externique
1234 3411 1297 3459 tier-

202 3492 246 3534 tus
256 3484 290 3533 sb
307 3483 408 3540 Sutura,
424 3485 449 3533 iu
466 3494 515 3548 stt,
531 3485 640 3546 sinistra,
660 3485 728 3550 quod
770 3496 848 3548 truni,
859 3487 918 3552 quin
931 3489 1081 3551 pierumque
1091 3487 1180 3536 melius
1190 3487 1215 3533 id
1226 3487 1297 3534 vitie-

202 3575 260 3625 qttae
277 3560 379 3609 sinistra
396 3569 465 3622 sunt,
477 3563 542 3612 bons
558 3563 672 3624 aruspicia
684 3575 728 3611 ert·
769 3562 866 3612 batur!
889 3563 973 3625 Igitur
984 3577 1042 3611 cntu
1053 3577 1129 3610 scoeru
1141 3569 1184 3610 tut
1196 3560 1297 3610 tittistrtt

201 3637 360 3686 istimnutnr:
385 3637 729 3700 aqrtodicuuturcontitit,
771 3652 817 3700 pro
840 3637 1006 3700 inauspicatis
1028 3647 1055 3685 et
1083 3635 1200 3686 infaustis
1228 3635 1296 3697 sputi

204 3712 315 3766 aliudue,
330 3711 396 3773 qttod
407 3711 437 3760 fit
448 3727 463 3761 tt
476 3713 621 3774 nunnitus,
634 3727 727 3761 rcaers.
769 3711 1297 3778 ScriptoretRomunosreperirs‚(utttpud

203 3787 236 3836 Id
253 3802 270 3837 ι
285 3788 397 3837 Grues:
417 3789 485 3852 qttou
503 3789 529 3836 hi
546 3787 673 3835 sinistrant
686 3799 729 3835 ro·
771 3789 849 3838 Ouid.
874 3787 938 3850 ‘Di,
950 3789 1039 3851 procui
1054 3803 1069 3836 tt
1086 3789 1160 3837 nobis
1171 3801 1246 3836 omen
1258 3801 1297 3836 re·

203 3870 265 3914 cant
291 3861 384 3914 σκαιόν.
412 3864 585 3914 Glossarium:
620 3861 730 3926 ἂριστερὰ
769 3873 873 3914 moreto
892 3863 1047 3928 sinistrum,)
1064 3864 1134 3912 ider
1155 3863 1297 3912 imitstione

204 3937 266 4001 χείρ.
308 3939 430 3990 Piuntus:
458 3938 599 3988 ‘Caniustn
620 3951 729 3986 suaerttnt
771 3939 922 3988 Graecorum
935 3936 1030 3987 suctum
1043 3939 1114 3986 diest
1130 3950 1233 3986 necesse
1248 3945 1296 3986 est.

204 4027 282 4078 spero
294 4013 426 4065 meliorent
438 4012 511 4062 t'oru.¹
526 4014 581 4060 uus.
591 4012 655 4060 Suri.
771 4013 833 4062 Duc.

237 4081 344 4138 Sem
364 4089 458 4152 uuir-us]
495 4088 578 4137 Scurra
599 4101 614 4134 s
634 4101 731 4142 iturus.
802 4088 985 4152 turturum]
997 4088 1074 4138 tirou
1085 4087 1233 4136 scandendo
1243 4086 1297 4136 frtr-

207 4164 275 4226 quinti
287 4179 301 4212 r
312 4165 403 4227 ruatis,
415 4165 527 4221 sinister,
539 4172 565 4214 et
581 4161 641 4210 inde
655 4176 731 4210 tem
772 4177 817 4228 ges
830 4173 915 4216 uetat.
947 4163 1033 4226 Vulgo
1044 4161 1177 4212 trrirrtite.
1195 4161 1277 4212 idern.

188 4285 189 4288 ,
207 4240 249 4289 rei
260 4239 285 4290 in
298 4241 458 4304 bunsm‚.rei
477 4240 503 4290 in
520 4239 613 4288 muium
631 4246 731 4302 partein
