3208 4938
286 411 351 479 826
623 427 739 478 saxrr
766 427 918 477 rourum
945 427 1048 476 rnsrr

330 571 452 636 chum:
476 569 657 655 Imperium
678 571 770 655 quod
785 571 899 654 plebes
919 588 977 654 per
998 577 1146 636 saturam
1169 569 1322 648 dederat,
1346 571 1379 635 id

328 675 523 756 abrogatum
548 682 619 739 est:
642 679 677 738 et
699 673 740 737 C.
755 673 883 738 Laelius
898 674 932 738 in
948 693 1001 750 ea,
1023 691 1127 756 quam
1146 691 1207 756 pre
1222 692 1260 737 se
1275 673 1381 738 dixit:

330 775 418 839 Dein
434 783 571 858 postero
587 775 669 851 die,¹’
690 776 789 858 quasi
813 793 875 857 per
896 779 1042 839 saturam
1063 773 1238 838 sententiis
1261 775 1381 860 exqui-

329 879 418 951 sitis,
426 879 461 942 in
476 877 677 942 deditionem
693 874 874 958 accipitur.

286 981 420 1057 Satura,
438 985 472 1044 et
487 979 554 1044 cibi
570 997 674 1060 genus
695 977 818 1041 dicitnr
833 995 880 1041 ex
903 979 1004 1042 variis
1027 977 1128 1042 rebus
1148 995 1224 1042 con-
1244 976 1383 1060 [Paua.

287 1135 291 1148 .
327 1082 445 1161 ditum,
479 1087 512 1146 et
546 1081 607 1145 lex
627 1079 741 1144 multis
767 1079 844 1142 aliis
872 1077 1023 1144 conferta
1047 1079 1190 1161 legibus,
1213 1085 1248 1143 et
1277 1097 1382 1160 genus
1436 1135 1442 1146 .

328 1183 499 1259 carminis,
516 1182 625 1246 ubido
639 1180 754 1244 multis
770 1180 869 1244 rebus
881 1179 1081 1264 disputatur.

285 1285 444 1350 Saturnia
458 1283 574 1360 Italia,¹
588 1288 621 1348 et
633 1301 740 1360 mons,
756 1283 814 1366 qui
829 1301 916 1346 nunc
933 1289 987 1346 est
1002 1283 1241 1368 Crepitelinne,l
1256 1281 1382 1363 [Fusa.

259 1369 267 1380 ’
328 1387 505 1452 Saturnius
520 1385 763 1470 appellabatur,
785 1384 878 1467 quod
904 1383 939 1448 in
961 1383 1066 1450 tutela
1080 1385 1214 1449 Saturni
1230 1403 1307 1449 csse
1320 1401 1381 1448 ex-

328 1487 506 1553 istimatur.
550 1485 696 1550 Satnmii
710 1505 844 1569 quoque
869 1485 1077 1565 dicabantur,
1092 1487 1150 1570 qui
1176 1489 1324 1551 castrum
1345 1486 1381 1549 in

286 1639 290 1648 .
328 1589 397 1654 ime
419 1589 508 1654 clive
524 1587 717 1670 Capitolino
732 1587 931 1666 incolebant,
953 1589 1012 1652 ubi
1027 1607 1085 1652 ara
1101 1587 1234 1652 dicata'
1255 1588 1288 1652 ei
1304 1587 1380 1652 Dae

327 1695 404 1756 ante
419 1689 542 1754 bellum
563 1688 745 1773 Trojanum
761 1688 903 1766 videtur,
927 1690 1008 1772 quia
1032 1688 1124 1775 apud
1147 1708 1224 1754 eam
1248 1689 1380 1772 suppli·

328 1795 426 1856 cant·
442 1789 569 1873 apertis
585 1791 768 1872 capitibus.
815 1789 848 1854 N
850 1809 902 1854 am
927 1790 1039 1855 Italici
1053 1797 1190 1856 anctore
1205 1791 1312 1856 AEnea
1326 1809 1381 1854 ve-

327 1893 399 1956 lant
413 1891 545 1975 capita3
569 1892 659 1974 quod
680 1891 723 1968 is,
738 1911 815 1955 cum
836 1910 905 1955 rem
921 1891 1069 1957 divinam
1080 1891 1205 1957 iaceret
1218 1893 1252 1956 in
1267 1891 1380 1957 littore

327 1993 503 2060 Laurentis
518 1994 589 2075 agri
602 1992 727 2058 Venari
743 1993 854 2070 matri,
868 2012 910 2058 ne
927 1995 970 2058 ab
985 1992 1110 2077 Ulyssa
1122 1996 1272 2076 cognitus
1283 1995 1380 2060 inter·

327 2103 497 2178 rumperet
519 2094 731 2172 sacrificium,
756 2103 862 2178 caput
883 2095 1070 2178 adoperuit,
1100 2103 1201 2179 atque
1225 2099 1273 2162 ita
1299 2115 1379 2160 con·

327 2195 593 2280 spectumbostis
609 2197 755 2260 evitavit.
1394 2191 1405 2208 '

284 2299 430 2363 Saturno
445 2297 518 2362 dies
532 2297 637 2362 festus
657 2297 861 2362 celebratur*
886 2317 999 2363 mense
1014 2299 1207 2377 Decembri,
1231 2299 1322 2383 quod
1337 2319 1378 2364 eo

327 2399 412 2466 aedis
439 2405 490 2464 est
518 2399 696 2466 dedicata:
728 2409 762 2464 et
790 2400 820 2465 is
846 2400 984 2468 culturae
1015 2419 1166 2484 agrorum
1196 2402 1378 2486 praesidere

766 2617 875 2669 NOTAE

315 2749 409 2800 anua
423 2755 515 2814 parter·
527 2748 577 2813 dir]
600 2748 667 2800 linc
685 2751 717 2800 C.
736 2749 810 2801 Laelii
851 2749 924 2813 qrrui
948 2749 1150 2812 interpretantes
1173 2755 1298 2798 recerunt
1319 2761 1377 2798 enm

282 2827 364 2878 verbu
374 2827 509 2892 usurparit
519 2824 655 2876 Sallustius
667 2826 700 2874 de
713 2824 811 2888 Jugar·
850 2823 956 2885 Ladan,
964 2831 991 2873 et
999 2826 1054 2888 ejus
1062 2839 1168 2876 uxerem
1177 2822 1378 2888 Opsmlatim:

282 2902 336 2952 thr.
351 2903 427 2952 ruem.
850 2907 879 2949 rt
900 2900 927 2948 in
949 2899 1145 2950 Peutiticnllbur
1174 2899 1377 2964 indigitamentis

315 2975 459 3028 *Servate
474 2976 557 3033 ltalia.
567 2981 591 3026 et
606 2990 673 3026 mena
690 2978 731 3040 pre·
749 2991 810 3026 rane
851 2973 1003 3025 dicebatur:
1015 2989 1098 3026 narra
1108 2989 1236 3027 ursani.
1253 2975 1321 3025 Gall.
1331 2974 1376 3024 lib.

282 3057 318 3103 ert
338 3051 410 3117 Gap]
438 3053 515 3104 Vrrr.
537 3053 581 3102 lib.
608 3065 646 3102 rr.
672 3052 705 3100 de
727 3051 756 3101 1¹·
779 3053 808 3102 b.
851 3051 1126 3114 xrrr-eap.12.etab
1144 3049 1376 3115 comumnes

282 3129 583 3200 ‘Huncapteamnutem
593 3127 811 3192 ’(capitelinum)
850 3125 970 3174 Saturnia
981 3132 1061 3176 terra.
1077 3127 1152 3176 ruem.

282 3204 450 3254 ‘Saturnium
461 3206 620 3267 appellatum
633 3204 809 3268 prodiderunt,
882 3209 892 3234 ¹
912 3203 959 3252 Ubi
968 3218 1012 3252 ure
1023 3203 1116 3267 dicate]
1138 3204 1260 3253 Feruens
1276 3203 1377 3252 comiti·

282 3287 311 3328 rt
327 3278 360 3328 ab
380 3292 412 3328 eo
428 3279 481 3328 leta
499 3280 645 3330 Saturniam
662 3287 766 3342 terram,
780 3290 810 3333 nt
848 3276 897 3328 bns
906 3277 1037 3329 Herculis.
1054 3279 1131 3330 Idem.

282 3353 360 3402 etium
384 3353 481 3402 Ennius
508 3354 632 3417 appellat.
665 3354 808 3421 Antiquam
881 3355 972 3411 'Quis
988 3357 1052 3418 apud
1070 3371 1123 3406 m
1140 3355 1283 3419 supplicum]
1307 3353 1375 3404 Vide

282 3428 406 3492 oppidum
428 3428 454 3477 in
480 3428 529 3478 bec
555 3427 635 3480 fnisse
661 3431 809 3482 Saturniam
847 3429 1066 3482 ‘immiscere'
1082 3433 1157 3483 Idem.

281 3503 422 3556 scribitur!
450 3505 490 3554 De
502 3507 549 3555 boc
561 3505 658 3570 oppido
668 3507 706 3556 sic
716 3506 808 3570 Virgll.
881 3507 889 3540 ⁸
904 3507 1010 3558 Marna
1019 3509 1070 3558 dier
1075 3509 1155 3570 sertus
1164 3507 1305 3570 celebretur]
1330 3507 1377 3556 Sn-

281 3593 343 3630 rur.
367 3579 469 3631 dimid.
495 3580 591 3631 ‘Hane
617 3581 698 3633 Jrnur
726 3589 811 3646 pater,
851 3583 962 3633 turnella
982 3597 1069 3633 manse
1090 3584 1240 3646 Decembri,
1257 3583 1325 3648 qued
1343 3597 1376 3632 re

282 3656 348 3706 lrrnc
364 3656 493 3707 Saturnus
509 3657 746 3709 condiditurbem:
763 3660 809 3712 ,11-
849 3676 938 3712 menae
954 3662 1042 3712 Tullus
1054 3661 1192 3722 Hostilius,
1208 3675 1267 3712 curn
1285 3660 1324 3709 bia
1342 3659 1375 3709 da

280 3733 393 3783 nicalem
404 3734 473 3795 lrnic,
490 3734 526 3782 illl
537 3732 621 3784 fureret
631 3735 752 3786 Saturnia
763 3751 808 3786 nc-
848 3736 956 3788 Albanir
974 3737 1168 3801 triumpbmret,
1181 3735 1269 3786 fenum
1287 3750 1376 3786 ceum·

281 3809 361 3860 mem’
394 3811 478 3860 Perre
504 3811 610 3862 Saturni
632 3827 725 3864 noman
745 3815 808 3864 'l'us-
849 3815 940 3864 crevit.
974 3813 1062 3864 Livius
1076 3827 1136 3862 rere
1151 3811 1299 3863 Saturnalia
1317 3819 1376 3876 pert

282 3899 341 3934 enm
352 3885 477 3936 arsemibi
488 3885 643 3949 concedant,
654 3889 738 3954 inquit
746 3889 808 3939 Scr-
849 3888 933 3952 Reges
945 3887 1047 3938 demum
1058 3893 1164 3940 anactea
1173 3887 1320 3949 constituit,
1331 3888 1375 3943 lib.

281 3959 349 4022 liger
359 3961 428 4026 apud
440 3963 594 4028 Varronem,
605 3965 648 4028 qni
665 3966 807 4028 scinntSy·
849 3979 880 4016 rr.
889 3973 954 4015 rect.
965 3968 1006 4016 21.
1038 3964 1122 4028 llajm
1142 3962 1201 4014 farti
1218 3963 1303 4028 prime
1318 3963 1375 4014 dier

281 4037 456 4102 riace,etpre
474 4045 548 4090 carte
561 4040 658 4090 babent
672 4041 732 4090 elim
743 4042 807 4092 Tus·
847 4050 947 4094 tantum
974 4044 1063 4094 unicas
1089 4043 1151 4104 tuit,
1176 4043 1223 4094 red
1251 4057 1376 4107 procerte

282 4125 370 4162 cerum
396 4114 508 4178 lingnam
539 4114 684 4166 Aramum
709 4115 806 4167 iuius:
848 4125 990 4184 temporum
1006 4118 1106 4168 crevit:
1127 4133 1185 4167 narn
1204 4118 1253 4168 rub
1269 4118 1374 4168 cesare

282 4185 402 4238 Mamur
416 4191 483 4242 enirn
494 4192 582 4256 lingua
591 4193 698 4258 Syriaca
709 4193 807 4257 rignid-
846 4195 898 4246 dee
908 4196 965 4246 dier
981 4193 1071 4259 additi,
1082 4202 1172 4260 parter
1183 4193 1262 4244 etlam
1278 4194 1376 4258 plures.

282 4269 326 4314 cat
340 4261 475 4316 latentem.
506 4266 583 4318 Unde
598 4268 623 4318 in
640 4283 703 4334 aare
714 4269 807 4323 Latine
846 4270 920 4322 Idem.
