<?xml version="1.0" encoding="UTF-8"?>
<!DOCTYPE html PUBLIC "-//W3C//DTD XHTML 1.0 Transitional//EN"
    "http://www.w3.org/TR/xhtml1/DTD/xhtml1-transitional.dtd">
<html xmlns="http://www.w3.org/1999/xhtml" xml:lang="en" lang="en">
 <head>
  <title>
</title>
<meta http-equiv="Content-Type" content="text/html;charset=utf-8" />
  <meta name='ocr-system' content='tesseract 3.04.00' />
  <meta name='ocr-capabilities' content='ocr_page ocr_carea ocr_par ocr_line ocrx_word'/>
</head>
<body>
  <div class='ocr_page' id='page_1' title='image "./mverriiflacciqu00flacgoog/mverriiflacciqu00flacgoog_0461.png"; bbox 0 0 3190 4940; ppageno 0'>
   <div class='ocr_carea' id='block_1_1' title="bbox 294 411 1060 478">
    <p class='ocr_par' dir='ltr' id='par_1_1' title="bbox 294 411 1060 478">
     <span class='ocr_line' id='line_1_1' title="bbox 294 411 1060 478; baseline -0.005 0"><span class='ocrx_word' id='word_1_1' title='bbox 294 411 360 478; x_wconf 81' lang='grc'><strong>896</strong></span> <span class='ocrx_word' id='word_1_2' title='bbox 637 424 751 478; x_wconf 85' lang='lat' dir='ltr'><strong>suxm</strong></span> <span class='ocrx_word' id='word_1_3' title='bbox 776 425 931 474; x_wconf 82' lang='lat' dir='ltr'><strong>ronren</strong></span> <span class='ocrx_word' id='word_1_4' title='bbox 956 425 1060 476; x_wconf 77' lang='lat' dir='ltr'><strong>raam</strong></span> 
     </span>
    </p>
   </div>
   <div class='ocr_carea' id='block_1_2' title="bbox 292 569 1401 2489">
    <p class='ocr_par' dir='ltr' id='par_1_2' title="bbox 338 569 1400 758">
     <span class='ocr_line' id='line_1_2' title="bbox 338 569 1400 657; baseline 0.004 -23"><span class='ocrx_word' id='word_1_5' title='bbox 338 575 500 657; x_wconf 84' lang='lat' dir='ltr'><strong>perpetuo</strong></span> <span class='ocrx_word' id='word_1_6' title='bbox 515 576 597 636; x_wconf 84' lang='lat' dir='ltr'><strong>stet:</strong></span> <span class='ocrx_word' id='word_1_7' title='bbox 621 569 692 649; x_wconf 89' lang='lat' dir='ltr'><strong>alii,</strong></span> <span class='ocrx_word' id='word_1_8' title='bbox 707 569 799 655; x_wconf 87' lang='lat' dir='ltr'><strong>qood</strong></span> <span class='ocrx_word' id='word_1_9' title='bbox 816 570 846 634; x_wconf 82' lang='lat' dir='ltr'><strong>ia</strong></span> <span class='ocrx_word' id='word_1_10' title='bbox 866 569 999 636; x_wconf 84' lang='lat' dir='ltr'><strong>locusa</strong></span> <span class='ocrx_word' id='word_1_11' title='bbox 1020 570 1153 636; x_wconf 80' lang='lat' dir='ltr'><strong>Graecis</strong></span> <span class='ocrx_word' id='word_1_12' title='bbox 1174 571 1293 656; x_wconf 76' lang='grc' dir='ltr'><strong>στιγιὸς</strong></span> <span class='ocrx_word' id='word_1_13' title='bbox 1305 579 1332 620; x_wconf 82' lang='lat'><strong>¹4</strong></span> <span class='ocrx_word' id='word_1_14' title='bbox 1350 572 1400 638; x_wconf 87' lang='lat' dir='ltr'><strong>di·</strong></span> 
     </span>
     <span class='ocr_line' id='line_1_3' title="bbox 338 674 967 758; baseline -0.003 -20"><span class='ocrx_word' id='word_1_15' title='bbox 338 675 434 753; x_wconf 88' lang='lat' dir='ltr'><strong>citur,</strong></span> <span class='ocrx_word' id='word_1_16' title='bbox 446 677 525 758; x_wconf 90' lang='lat' dir='ltr'><strong>quia</strong></span> <span class='ocrx_word' id='word_1_17' title='bbox 543 677 629 739; x_wconf 85' lang='lat' dir='ltr'><strong>bene</strong></span> <span class='ocrx_word' id='word_1_18' title='bbox 646 674 816 737; x_wconf 86' lang='lat' dir='ltr'><strong>contiueat</strong></span> <span class='ocrx_word' id='word_1_19' title='bbox 835 692 967 755; x_wconf 88' lang='lat' dir='ltr'><strong>aquam.</strong></span> 
     </span>
    </p>

    <p class='ocr_par' dir='ltr' id='par_1_3' title="bbox 297 773 1400 1044">
     <span class='ocr_line' id='line_1_4' title="bbox 297 773 1399 859; baseline 0.001 -20"><span class='ocrx_word' id='word_1_20' title='bbox 297 776 532 858; x_wconf 80' lang='lat' dir='ltr'><strong>Stalagmium‘</strong></span> <span class='ocrx_word' id='word_1_21' title='bbox 545 794 646 859; x_wconf 81' lang='lat' dir='ltr'><strong>genus</strong></span> <span class='ocrx_word' id='word_1_22' title='bbox 662 774 832 836; x_wconf 87' lang='lat' dir='ltr'><strong>inaurium</strong></span> <span class='ocrx_word' id='word_1_23' title='bbox 852 773 987 838; x_wconf 85' lang='lat' dir='ltr'><strong>videtur</strong></span> <span class='ocrx_word' id='word_1_24' title='bbox 1001 775 1199 856; x_wconf 82' lang='lat' dir='ltr'><strong>significare.</strong></span> <span class='ocrx_word' id='word_1_25' title='bbox 1237 776 1399 840; x_wconf 75' lang='lat' dir='ltr'><strong>Caecilius</strong></span> 
     </span>
     <span class='ocr_line' id='line_1_5' title="bbox 339 876 1400 960; baseline -0.001 -19"><span class='ocrx_word' id='word_1_26' title='bbox 339 879 372 941; x_wconf 94' lang='lat' dir='ltr'><strong>in</strong></span> <span class='ocrx_word' id='word_1_27' title='bbox 387 877 525 956; x_wconf 83' lang='lat' dir='ltr'>Karine,</span> <span class='ocrx_word' id='word_1_28' title='bbox 543 897 618 942; x_wconf 90' lang='lat' dir='ltr'><strong>cum</strong></span> <span class='ocrx_word' id='word_1_29' title='bbox 635 877 707 942; x_wconf 86' lang='lat' dir='ltr'><strong>ait:</strong></span> <span class='ocrx_word' id='word_1_30' title='bbox 725 876 799 960; x_wconf 88' lang='lat' dir='ltr'><strong>jum</strong></span> <span class='ocrx_word' id='word_1_31' title='bbox 812 884 837 924; x_wconf 83' lang='lat'><strong>¹⁵</strong></span> <span class='ocrx_word' id='word_1_32' title='bbox 852 895 896 940; x_wconf 85' lang='lat' dir='ltr'><strong>ex</strong></span> <span class='ocrx_word' id='word_1_33' title='bbox 918 893 997 942; x_wconf 87' lang='lat' dir='ltr'><strong>aure</strong></span> <span class='ocrx_word' id='word_1_34' title='bbox 1021 877 1096 960; x_wconf 80' lang='lat' dir='ltr'><strong>ejus</strong></span> <span class='ocrx_word' id='word_1_35' title='bbox 1112 879 1325 960; x_wconf 77' lang='lat' dir='ltr'><strong>stalagmium</strong></span> <span class='ocrx_word' id='word_1_36' title='bbox 1340 877 1400 942; x_wconf 88' lang='lat' dir='ltr'><strong>do-</strong></span> 
     </span>
     <span class='ocr_line' id='line_1_6' title="bbox 340 981 522 1044; baseline -0.011 0"><span class='ocrx_word' id='word_1_37' title='bbox 340 981 386 1044; x_wconf 90' lang='lat' dir='ltr'><strong>mi</strong></span> <span class='ocrx_word' id='word_1_38' title='bbox 402 981 522 1044; x_wconf 86' lang='lat' dir='ltr'><strong>habco.</strong></span> 
     </span>
    </p>

    <p class='ocr_par' dir='ltr' id='par_1_4' title="bbox 296 1079 1401 1270">
     <span class='ocr_line' id='line_1_7' title="bbox 296 1079 1401 1166; baseline -0.003 -20"><span class='ocrx_word' id='word_1_39' title='bbox 296 1083 519 1166; x_wconf 78' lang='lat' dir='ltr'><strong>stalagmium</strong></span> <span class='ocrx_word' id='word_1_40' title='bbox 535 1101 644 1163; x_wconf 80' lang='lat' dir='ltr'><strong>genus</strong></span> <span class='ocrx_word' id='word_1_41' title='bbox 669 1081 849 1145; x_wconf 86' lang='lat' dir='ltr'><strong>inaurium.</strong></span> <span class='ocrx_word' id='word_1_42' title='bbox 895 1079 1071 1146; x_wconf 79' lang='lat' dir='ltr'><strong>Caecilius:</strong></span> <span class='ocrx_word' id='word_1_43' title='bbox 1095 1083 1151 1146; x_wconf 84' lang='lat' dir='ltr'><strong>Ex</strong></span> <span class='ocrx_word' id='word_1_44' title='bbox 1165 1101 1246 1147; x_wconf 83' lang='lat' dir='ltr'><strong>aure</strong></span> <span class='ocrx_word' id='word_1_45' title='bbox 1260 1081 1401 1166; x_wconf 77' lang='lat' dir='ltr'><strong>[Pano.</strong></span> 
     </span>
     <span class='ocr_line' id='line_1_8' title="bbox 337 1183 881 1270; baseline -0.009 -22"><span class='ocrx_word' id='word_1_46' title='bbox 337 1186 411 1270; x_wconf 84' lang='lat' dir='ltr'><strong>ejus</strong></span> <span class='ocrx_word' id='word_1_47' title='bbox 425 1185 636 1265; x_wconf 77' lang='lat' dir='ltr'><strong>stalagmium</strong></span> <span class='ocrx_word' id='word_1_48' title='bbox 654 1183 747 1248; x_wconf 86' lang='lat' dir='ltr'><strong>domi</strong></span> <span class='ocrx_word' id='word_1_49' title='bbox 763 1183 881 1246; x_wconf 86' lang='lat' dir='ltr'><strong>habeo.</strong></span> 
     </span>
    </p>

    <p class='ocr_par' dir='ltr' id='par_1_5' title="bbox 292 1283 1400 1674">
     <span class='ocr_line' id='line_1_9' title="bbox 292 1283 1400 1368; baseline -0.005 -17"><span class='ocrx_word' id='word_1_50' title='bbox 292 1287 392 1351; x_wconf 82' lang='lat' dir='ltr'><strong>State</strong></span> <span class='ocrx_word' id='word_1_51' title='bbox 408 1287 600 1350; x_wconf 79' lang='lat' dir='ltr'><strong>sacrificiau</strong></span> <span class='ocrx_word' id='word_1_52' title='bbox 615 1291 703 1362; x_wconf 80' lang='lat' dir='ltr'><strong>snut,</strong></span> <span class='ocrx_word' id='word_1_53' title='bbox 720 1303 799 1367; x_wconf 84' lang='lat' dir='ltr'><strong>quae</strong></span> <span class='ocrx_word' id='word_1_54' title='bbox 814 1283 916 1348; x_wconf 86' lang='lat' dir='ltr'><strong>certis</strong></span> <span class='ocrx_word' id='word_1_55' title='bbox 927 1283 1033 1348; x_wconf 85' lang='lat' dir='ltr'><strong>debus</strong></span> <span class='ocrx_word' id='word_1_56' title='bbox 1046 1285 1118 1348; x_wconf 89' lang='lat' dir='ltr'><strong>fieri</strong></span> <span class='ocrx_word' id='word_1_57' title='bbox 1134 1285 1261 1348; x_wconf 87' lang='lat' dir='ltr'><strong>debent.</strong></span> <span class='ocrx_word' id='word_1_58' title='bbox 1273 1285 1400 1368; x_wconf 78' lang='lat' dir='ltr'><strong>[Fnsr.</strong></span> 
     </span>
     <span class='ocr_line' id='line_1_10' title="bbox 336 1386 1399 1471; baseline -0.002 -18"><span class='ocrx_word' id='word_1_59' title='bbox 336 1387 425 1453; x_wconf 79' lang='lat' dir='ltr'><strong>(lato</strong></span> <span class='ocrx_word' id='word_1_60' title='bbox 447 1389 480 1451; x_wconf 93' lang='lat' dir='ltr'><strong>in</strong></span> <span class='ocrx_word' id='word_1_61' title='bbox 508 1407 549 1452; x_wconf 84' lang='lat' dir='ltr'><strong>ee</strong></span> <span class='ocrx_word' id='word_1_62' title='bbox 576 1407 674 1471; x_wconf 89' lang='lat' dir='ltr'><strong>qnam</strong></span> <span class='ocrx_word' id='word_1_63' title='bbox 692 1387 809 1451; x_wconf 79' lang='lat' dir='ltr'><strong>scribit</strong></span> <span class='ocrx_word' id='word_1_64' title='bbox 824 1388 867 1450; x_wconf 89' lang='lat' dir='ltr'><strong>de</strong></span> <span class='ocrx_word' id='word_1_65' title='bbox 884 1388 935 1450; x_wconf 79' lang='lat' dir='ltr'><strong>L.</strong></span> <span class='ocrx_word' id='word_1_66' title='bbox 961 1386 1111 1466; x_wconf 88' lang='lat' dir='ltr'><strong>Veturio,</strong></span> <span class='ocrx_word' id='word_1_67' title='bbox 1134 1387 1176 1451; x_wconf 93' lang='lat' dir='ltr'><strong>de</strong></span> <span class='ocrx_word' id='word_1_68' title='bbox 1196 1387 1399 1464; x_wconf 76' lang='lat' dir='ltr'><strong>secnflcio†</strong></span> 
     </span>
     <span class='ocr_line' id='line_1_11' title="bbox 337 1487 1400 1572; baseline -0.002 -18"><span class='ocrx_word' id='word_1_69' title='bbox 337 1492 531 1567; x_wconf 81' lang='lat' dir='ltr'><strong>commisso,</strong></span> <span class='ocrx_word' id='word_1_70' title='bbox 545 1509 622 1553; x_wconf 88' lang='lat' dir='ltr'><strong>cnm</strong></span> <span class='ocrx_word' id='word_1_71' title='bbox 638 1490 671 1552; x_wconf 94' lang='lat' dir='ltr'><strong>ei</strong></span> <span class='ocrx_word' id='word_1_72' title='bbox 686 1507 807 1572; x_wconf 76' lang='lat' dir='ltr'><strong>equtm</strong></span> <span class='ocrx_word' id='word_1_73' title='bbox 824 1488 973 1552; x_wconf 80' lang='lat' dir='ltr'><strong>ademit:</strong></span> <span class='ocrx_word' id='word_1_74' title='bbox 997 1487 1098 1566; x_wconf 85' lang='lat' dir='ltr'><strong>Quod</strong></span> <span class='ocrx_word' id='word_1_75' title='bbox 1122 1498 1171 1566; x_wconf 89' lang='lat' dir='ltr'><strong>tu,</strong></span> <span class='ocrx_word' id='word_1_76' title='bbox 1197 1489 1288 1572; x_wconf 89' lang='lat' dir='ltr'><strong>quod</strong></span> <span class='ocrx_word' id='word_1_77' title='bbox 1309 1491 1343 1552; x_wconf 91' lang='lat' dir='ltr'><strong>in</strong></span> <span class='ocrx_word' id='word_1_78' title='bbox 1366 1497 1400 1553; x_wconf 89' lang='lat' dir='ltr'><strong>te</strong></span> 
     </span>
     <span class='ocr_line' id='line_1_12' title="bbox 336 1590 1279 1674; baseline 0 -19"><span class='ocrx_word' id='word_1_79' title='bbox 336 1593 410 1670; x_wconf 79' lang='lat' dir='ltr'><strong>linit,</strong></span> <span class='ocrx_word' id='word_1_80' title='bbox 423 1609 522 1656; x_wconf 87' lang='lat' dir='ltr'><strong>sacra</strong></span> <span class='ocrx_word' id='word_1_81' title='bbox 536 1599 627 1655; x_wconf 87' lang='lat' dir='ltr'><strong>stata</strong></span> <span class='ocrx_word' id='word_1_82' title='bbox 643 1590 818 1666; x_wconf 85' lang='lat' dir='ltr'><strong>solemnia,</strong></span> <span class='ocrx_word' id='word_1_83' title='bbox 833 1592 944 1674; x_wconf 85' lang='lat' dir='ltr'><strong>capite</strong></span> <span class='ocrx_word' id='word_1_84' title='bbox 959 1595 1079 1654; x_wconf 81' lang='lat' dir='ltr'><strong>sancta</strong></span> <span class='ocrx_word' id='word_1_85' title='bbox 1093 1590 1279 1656; x_wconf 82' lang='lat' dir='ltr'><strong>deseruisti.</strong></span> 
     </span>
    </p>

    <p class='ocr_par' dir='ltr' id='par_1_6' title="bbox 295 1691 1401 1872">
     <span class='ocr_line' id='line_1_13' title="bbox 295 1691 1401 1776; baseline -0.002 -17"><span class='ocrx_word' id='word_1_86' title='bbox 295 1694 391 1759; x_wconf 84' lang='lat' dir='ltr'><strong>Statu</strong></span> <span class='ocrx_word' id='word_1_87' title='bbox 406 1694 604 1758; x_wconf 87' lang='lat' dir='ltr'><strong>dicebantur</strong></span> <span class='ocrx_word' id='word_1_88' title='bbox 618 1691 795 1770; x_wconf 84' lang='lat' dir='ltr'><strong>sacrificia,</strong></span> <span class='ocrx_word' id='word_1_89' title='bbox 811 1711 888 1774; x_wconf 87' lang='lat' dir='ltr'><strong>quae</strong></span> <span class='ocrx_word' id='word_1_90' title='bbox 912 1693 1014 1756; x_wconf 89' lang='lat' dir='ltr'><strong>certis</strong></span> <span class='ocrx_word' id='word_1_91' title='bbox 1030 1692 1148 1756; x_wconf 87' lang='lat' dir='ltr'><strong>diebus</strong></span> <span class='ocrx_word' id='word_1_92' title='bbox 1170 1691 1228 1756; x_wconf 88' lang='lat' dir='ltr'><strong>fie-</strong></span> <span class='ocrx_word' id='word_1_93' title='bbox 1262 1693 1401 1776; x_wconf 74' lang='lat' dir='ltr'><strong>[Paua.</strong></span> 
     </span>
     <span class='ocr_line' id='line_1_14' title="bbox 338 1793 1398 1872; baseline -0.004 -12"><span class='ocrx_word' id='word_1_94' title='bbox 338 1799 428 1860; x_wconf 86' lang='lat' dir='ltr'><strong>bant.</strong></span> <span class='ocrx_word' id='word_1_95' title='bbox 474 1794 584 1860; x_wconf 84' lang='lat' dir='ltr'><strong>Cato:</strong></span> <span class='ocrx_word' id='word_1_96' title='bbox 610 1795 728 1872; x_wconf 86' lang='lat' dir='ltr'><strong>Sacra,</strong></span> <span class='ocrx_word' id='word_1_97' title='bbox 749 1801 853 1871; x_wconf 83' lang='lat' dir='ltr'><strong>stata,</strong></span> <span class='ocrx_word' id='word_1_98' title='bbox 869 1793 1056 1872; x_wconf 80' lang='lat' dir='ltr'><strong>sollemnia,</strong></span> <span class='ocrx_word' id='word_1_99' title='bbox 1072 1800 1191 1860; x_wconf 82' lang='lat' dir='ltr'><strong>sancte</strong></span> <span class='ocrx_word' id='word_1_100' title='bbox 1205 1793 1398 1858; x_wconf 86' lang='lat' dir='ltr'><strong>deseruisti.</strong></span> 
     </span>
    </p>

    <p class='ocr_par' dir='ltr' id='par_1_7' title="bbox 294 1895 1102 1964">
     <span class='ocr_line' id='line_1_15' title="bbox 294 1895 1102 1964; baseline -0.007 -2"><span class='ocrx_word' id='word_1_101' title='bbox 294 1900 401 1964; x_wconf 79' lang='lat' dir='ltr'><strong>Statua</strong></span> <span class='ocrx_word' id='word_1_102' title='bbox 419 1899 541 1962; x_wconf 85' lang='lat' dir='ltr'><strong>Matris</strong></span> <span class='ocrx_word' id='word_1_103' title='bbox 553 1896 765 1960; x_wconf 85' lang='lat' dir='ltr'><strong>simulacrum</strong></span> <span class='ocrx_word' id='word_1_104' title='bbox 780 1895 816 1960; x_wconf 91' lang='lat' dir='ltr'><strong>in</strong></span> <span class='ocrx_word' id='word_1_105' title='bbox 830 1897 902 1960; x_wconf 85' lang='lat' dir='ltr'><strong>foro</strong></span> <span class='ocrx_word' id='word_1_106' title='bbox 915 1895 1102 1960; x_wconf 81' lang='lat' dir='ltr'><strong>colebatur.</strong></span> 
     </span>
    </p>

    <p class='ocr_par' dir='ltr' id='par_1_8' title="bbox 294 1996 1400 2390">
     <span class='ocr_line' id='line_1_16' title="bbox 294 1996 1398 2080; baseline -0.007 -15"><span class='ocrx_word' id='word_1_107' title='bbox 294 2001 400 2065; x_wconf 77' lang='lat' dir='ltr'><strong>Statue</strong></span> <span class='ocrx_word' id='word_1_108' title='bbox 418 1999 559 2062; x_wconf 83' lang='lat' dir='ltr'><strong>Matris¹</strong></span> <span class='ocrx_word' id='word_1_109' title='bbox 576 1997 790 2062; x_wconf 82' lang='lat' dir='ltr'><strong>simulacrum</strong></span> <span class='ocrx_word' id='word_1_110' title='bbox 806 1999 841 2061; x_wconf 91' lang='lat' dir='ltr'><strong>in</strong></span> <span class='ocrx_word' id='word_1_111' title='bbox 863 1998 935 2062; x_wconf 82' lang='lat' dir='ltr'><strong>loro</strong></span> <span class='ocrx_word' id='word_1_112' title='bbox 956 1997 1141 2074; x_wconf 87' lang='lat' dir='ltr'><strong>colebatur,</strong></span> <span class='ocrx_word' id='word_1_113' title='bbox 1162 2003 1256 2080; x_wconf 89' lang='lat' dir='ltr'><strong>post·</strong></span> <span class='ocrx_word' id='word_1_114' title='bbox 1271 1996 1398 2080; x_wconf 81' lang='lat' dir='ltr'><strong>[Fnsr.</strong></span> 
     </span>
     <span class='ocr_line' id='line_1_17' title="bbox 339 2097 1399 2186; baseline -0.005 -21"><span class='ocrx_word' id='word_1_115' title='bbox 339 2122 438 2186; x_wconf 88' lang='lat' dir='ltr'><strong>quarn</strong></span> <span class='ocrx_word' id='word_1_116' title='bbox 454 2101 488 2164; x_wconf 92' lang='lat' dir='ltr'><strong>id</strong></span> <span class='ocrx_word' id='word_1_117' title='bbox 501 2097 752 2176; x_wconf 88' lang='lat' dir='ltr'><strong>collustravit,¹⁶</strong></span> <span class='ocrx_word' id='word_1_118' title='bbox 774 2118 817 2162; x_wconf 87' lang='lat' dir='ltr'><strong>ne</strong></span> <span class='ocrx_word' id='word_1_119' title='bbox 843 2097 974 2182; x_wconf 87' lang='lat' dir='ltr'><strong>lapides</strong></span> <span class='ocrx_word' id='word_1_120' title='bbox 996 2099 1071 2182; x_wconf 84' lang='lat' dir='ltr'><strong>igne</strong></span> <span class='ocrx_word' id='word_1_121' title='bbox 1097 2105 1399 2182; x_wconf 87' lang='lat' dir='ltr'><strong>corrumperentur,</strong></span> 
     </span>
     <span class='ocr_line' id='line_1_18' title="bbox 340 2201 1400 2286; baseline -0.006 -18"><span class='ocrx_word' id='word_1_122' title='bbox 340 2204 400 2286; x_wconf 91' lang='lat' dir='ltr'><strong>qui</strong></span> <span class='ocrx_word' id='word_1_123' title='bbox 416 2203 575 2285; x_wconf 88' lang='lat' dir='ltr'><strong>plurimus</strong></span> <span class='ocrx_word' id='word_1_124' title='bbox 596 2201 642 2264; x_wconf 89' lang='lat' dir='ltr'><strong>ibi</strong></span> <span class='ocrx_word' id='word_1_125' title='bbox 668 2201 791 2264; x_wconf 72' lang='lat' dir='ltr'><strong>fiebatl</strong></span> <span class='ocrx_word' id='word_1_126' title='bbox 807 2208 970 2264; x_wconf 87' lang='lat' dir='ltr'><strong>nocturno</strong></span> <span class='ocrx_word' id='word_1_127' title='bbox 996 2207 1154 2282; x_wconf 79' lang='lat' dir='ltr'><strong>tempore,</strong></span> <span class='ocrx_word' id='word_1_128' title='bbox 1176 2219 1297 2282; x_wconf 81' lang='lat' dir='ltr'><strong>magna</strong></span> <span class='ocrx_word' id='word_1_129' title='bbox 1322 2219 1400 2282; x_wconf 87' lang='lat' dir='ltr'><strong>pars</strong></span> 
     </span>
     <span class='ocr_line' id='line_1_19' title="bbox 337 2301 1399 2390; baseline -0.003 -22"><span class='ocrx_word' id='word_1_130' title='bbox 337 2305 455 2390; x_wconf 86' lang='lat' dir='ltr'><strong>populi</strong></span> <span class='ocrx_word' id='word_1_131' title='bbox 467 2305 500 2367; x_wconf 93' lang='lat' dir='ltr'><strong>in</strong></span> <span class='ocrx_word' id='word_1_132' title='bbox 513 2323 594 2368; x_wconf 87' lang='lat' dir='ltr'><strong>suos</strong></span> <span class='ocrx_word' id='word_1_133' title='bbox 605 2303 747 2386; x_wconf 87' lang='lat' dir='ltr'><strong>quisque</strong></span> <span class='ocrx_word' id='word_1_134' title='bbox 757 2301 1145 2382; x_wconf 80' lang='lat' dir='ltr'><strong>vicos-mttuleruntcjus</strong></span> <span class='ocrx_word' id='word_1_135' title='bbox 1160 2301 1245 2365; x_wconf 78' lang='lat' dir='ltr'><strong>Deae</strong></span> <span class='ocrx_word' id='word_1_136' title='bbox 1259 2301 1399 2365; x_wconf 89' lang='lat' dir='ltr'><strong>cultum.</strong></span> 
     </span>
    </p>

    <p class='ocr_par' dir='ltr' id='par_1_9' title="bbox 293 2397 1399 2489">
     <span class='ocr_line' id='line_1_20' title="bbox 293 2397 1399 2489; baseline -0.005 -17"><span class='ocrx_word' id='word_1_137' title='bbox 293 2407 415 2472; x_wconf 86' lang='lat' dir='ltr'><strong>Statua</strong></span> <span class='ocrx_word' id='word_1_138' title='bbox 430 2413 482 2470; x_wconf 90' lang='lat' dir='ltr'><strong>est</strong></span> <span class='ocrx_word' id='word_1_139' title='bbox 498 2405 609 2484; x_wconf 87' lang='lat' dir='ltr'><strong>Ludii,</strong></span> <span class='ocrx_word' id='word_1_140' title='bbox 625 2397 727 2488; x_wconf 72' lang='lat' dir='ltr'><strong>ejus:</strong></span> <span class='ocrx_word' id='word_1_141' title='bbox 739 2405 795 2488; x_wconf 89' lang='lat' dir='ltr'><strong>qni</strong></span> <span class='ocrx_word' id='word_1_142' title='bbox 806 2402 975 2489; x_wconf 89' lang='lat' dir='ltr'><strong>quondam</strong></span> <span class='ocrx_word' id='word_1_143' title='bbox 990 2402 1128 2467; x_wconf 82' lang='lat' dir='ltr'><strong>fulmine</strong></span> <span class='ocrx_word' id='word_1_144' title='bbox 1143 2403 1232 2466; x_wconf 88' lang='lat' dir='ltr'><strong>ictus</strong></span> <span class='ocrx_word' id='word_1_145' title='bbox 1254 2405 1288 2468; x_wconf 96' lang='lat' dir='ltr'><strong>in</strong></span> <span class='ocrx_word' id='word_1_146' title='bbox 1308 2403 1399 2467; x_wconf 88' lang='lat' dir='ltr'><strong>circo</strong></span> 
     </span>
    </p>
   </div>
   <div class='ocr_carea' id='block_1_3' title="bbox 753 2547 933 2570">
    <p class='ocr_par' dir='ltr' id='par_1_10' title="bbox 753 2547 933 2570">
     <span class='ocr_line' id='line_1_21' title="bbox 753 2547 933 2570; baseline -0.011 0"><span class='ocrx_word' id='word_1_147' title='bbox 753 2549 783 2570; x_wconf 67' lang='grc' dir='ltr'><strong><em>Ν</em></strong></span> <span class='ocrx_word' id='word_1_148' title='bbox 785 2547 933 2568; x_wconf 54' lang='lat' dir='ltr'><strong>llllllll</strong></span> 
     </span>
    </p>
   </div>
   <div class='ocr_carea' id='block_1_4' title="bbox 287 2615 1400 2755">
    <p class='ocr_par' dir='ltr' id='par_1_11' title="bbox 287 2615 1400 2755">
     <span class='ocr_line' id='line_1_22' title="bbox 329 2615 1400 2681; baseline -0.006 -10"><span class='ocrx_word' id='word_1_149' title='bbox 329 2625 358 2671; x_wconf 82' lang='lat' dir='ltr'><strong>ll</strong></span> <span class='ocrx_word' id='word_1_150' title='bbox 377 2619 425 2670; x_wconf 78' lang='lat' dir='ltr'><strong>nd.</strong></span> <span class='ocrx_word' id='word_1_151' title='bbox 437 2619 507 2668; x_wconf 79' lang='lat' dir='ltr'><strong>Scel.</strong></span> <span class='ocrx_word' id='word_1_152' title='bbox 519 2615 669 2668; x_wconf 66' lang='lat' dir='ltr'><strong>amrin-lli</strong></span> <span class='ocrx_word' id='word_1_153' title='bbox 684 2617 735 2665; x_wconf 84' lang='lat' dir='ltr'><strong>Vir</strong></span> <span class='ocrx_word' id='word_1_154' title='bbox 752 2615 821 2665; x_wconf 87' lang='lat' dir='ltr'><strong>doct.</strong></span> <span class='ocrx_word' id='word_1_155' title='bbox 841 2615 866 2662; x_wconf 89' lang='lat' dir='ltr'><strong>in</strong></span> <span class='ocrx_word' id='word_1_156' title='bbox 886 2629 967 2678; x_wconf 73' lang='lat' dir='ltr'><strong>marg.</strong></span> <span class='ocrx_word' id='word_1_157' title='bbox 984 2617 1101 2680; x_wconf 78' lang='lat' dir='ltr'><strong>ejusdem</strong></span> <span class='ocrx_word' id='word_1_158' title='bbox 1121 2617 1163 2666; x_wconf 78' lang='lat' dir='ltr'><strong>ed.</strong></span> <span class='ocrx_word' id='word_1_159' title='bbox 1181 2617 1287 2681; x_wconf 82' lang='lat' dir='ltr'><strong>conjicit</strong></span> <span class='ocrx_word' id='word_1_160' title='bbox 1306 2623 1400 2667; x_wconf 75' lang='lat' dir='ltr'><strong>tear.-</strong></span> 
     </span>
     <span class='ocr_line' id='line_1_23' title="bbox 287 2680 1168 2755; baseline -0.005 -19"><span class='ocrx_word' id='word_1_161' title='bbox 287 2697 306 2744; x_wconf 54' lang='lat' dir='ltr'><strong>*t</strong></span> <span class='ocrx_word' id='word_1_162' title='bbox 319 2687 358 2737; x_wconf 78' lang='lat' dir='ltr'><strong>lrl.</strong></span> <span class='ocrx_word' id='word_1_163' title='bbox 368 2685 432 2734; x_wconf 76' lang='lat' dir='ltr'><strong>init.</strong></span> <span class='ocrx_word' id='word_1_164' title='bbox 444 2684 654 2744; x_wconf 58' lang='lat' dir='ltr'><strong>&amp;eringio-16</strong></span> <span class='ocrx_word' id='word_1_165' title='bbox 670 2682 738 2730; x_wconf 79' lang='lat' dir='ltr'><strong>Scnl.</strong></span> <span class='ocrx_word' id='word_1_166' title='bbox 751 2682 876 2755; x_wconf 77' lang='lat' dir='ltr'><strong>probante</strong></span> <span class='ocrx_word' id='word_1_167' title='bbox 890 2680 958 2730; x_wconf 81' lang='lat' dir='ltr'><strong>Dae.</strong></span> <span class='ocrx_word' id='word_1_168' title='bbox 972 2681 1063 2732; x_wconf 69' lang='lat' dir='ltr'><strong>Cetius</strong></span> <span class='ocrx_word' id='word_1_169' title='bbox 1072 2683 1168 2732; x_wconf 77' lang='lat' dir='ltr'><strong>rtrueit.</strong></span> 
     </span>
    </p>
   </div>
   <div class='ocr_carea' id='block_1_5' title="bbox 796 2811 902 2862">
    <p class='ocr_par' dir='ltr' id='par_1_12' title="bbox 796 2811 902 2862">
     <span class='ocr_line' id='line_1_24' title="bbox 796 2811 902 2862; baseline -0.028 0"><span class='ocrx_word' id='word_1_170' title='bbox 796 2811 902 2862; x_wconf 84' lang='lat' dir='ltr'>NOTAE</span> 
     </span>
    </p>
   </div>
   <div class='ocr_carea' id='block_1_6' title="bbox 293 2909 1403 4345">
    <p class='ocr_par' dir='ltr' id='par_1_13' title="bbox 293 2909 1403 4345">
     <span class='ocr_line' id='line_1_25' title="bbox 295 2909 1401 2979; baseline -0.001 -17"><span class='ocrx_word' id='word_1_171' title='bbox 295 2915 363 2979; x_wconf 79' lang='lat' dir='ltr'><strong>qnod</strong></span> <span class='ocrx_word' id='word_1_172' title='bbox 376 2914 479 2963; x_wconf 86' lang='lat' dir='ltr'><strong>minime</strong></span> <span class='ocrx_word' id='word_1_173' title='bbox 497 2913 618 2962; x_wconf 78' lang='lat' dir='ltr'><strong>rimorum</strong></span> <span class='ocrx_word' id='word_1_174' title='bbox 636 2921 689 2973; x_wconf 81' lang='lat' dir='ltr'><strong>ert,</strong></span> <span class='ocrx_word' id='word_1_175' title='bbox 699 2917 726 2960; x_wconf 84' lang='lat' dir='ltr'><strong>et</strong></span> <span class='ocrx_word' id='word_1_176' title='bbox 743 2909 825 2959; x_wconf 82' lang='lat' dir='ltr'><strong>fideli·</strong></span> <span class='ocrx_word' id='word_1_177' title='bbox 867 2909 968 2958; x_wconf 79' lang='lat' dir='ltr'><strong>‹lictivir</strong></span> <span class='ocrx_word' id='word_1_178' title='bbox 980 2917 1007 2960; x_wconf 84' lang='lat' dir='ltr'><strong>et</strong></span> <span class='ocrx_word' id='word_1_179' title='bbox 1017 2909 1169 2958; x_wconf 72' lang='lat' dir='ltr'><strong>ambitium:</strong></span> <span class='ocrx_word' id='word_1_180' title='bbox 1187 2910 1304 2961; x_wconf 83' lang='lat' dir='ltr'><strong>meminit</strong></span> <span class='ocrx_word' id='word_1_181' title='bbox 1315 2911 1401 2961; x_wconf 79' lang='lat' dir='ltr'><strong>Cicer.</strong></span> 
     </span>
     <span class='ocr_line' id='line_1_26' title="bbox 295 2986 1401 3050; baseline -0.005 -10"><span class='ocrx_word' id='word_1_182' title='bbox 295 3001 337 3040; x_wconf 85' lang='lat' dir='ltr'><strong>ter</strong></span> <span class='ocrx_word' id='word_1_183' title='bbox 355 2993 482 3050; x_wconf 80' lang='lat' dir='ltr'><strong>continet,</strong></span> <span class='ocrx_word' id='word_1_184' title='bbox 494 3005 509 3038; x_wconf 86' lang='lat' dir='ltr'><strong>a</strong></span> <span class='ocrx_word' id='word_1_185' title='bbox 521 2987 610 3050; x_wconf 63' lang='grc' dir='ltr'><strong>στέγω,</strong></span> <span class='ocrx_word' id='word_1_186' title='bbox 628 2995 697 3050; x_wconf 77' lang='lat' dir='ltr'><strong>tego.</strong></span> <span class='ocrx_word' id='word_1_187' title='bbox 728 2989 826 3049; x_wconf 74' lang='lat' dir='ltr'><strong>Stagna</strong></span> <span class='ocrx_word' id='word_1_188' title='bbox 867 2999 887 3035; x_wconf 88' lang='grc' dir='ltr'><strong>ι.</strong></span> <span class='ocrx_word' id='word_1_189' title='bbox 906 2987 1014 3036; x_wconf 82' lang='grc' dir='ltr'><strong>Ίἰιιι·ιιΙ.</strong></span> <span class='ocrx_word' id='word_1_190' title='bbox 1031 2989 1115 3036; x_wconf 81' lang='lat' dir='ltr'><strong>‘Cum</strong></span> <span class='ocrx_word' id='word_1_191' title='bbox 1134 2987 1202 3034; x_wconf 87' lang='lat' dir='ltr'><strong>rnim</strong></span> <span class='ocrx_word' id='word_1_192' title='bbox 1223 2987 1292 3034; x_wconf 83' lang='lat' dir='ltr'><strong>iilam</strong></span> <span class='ocrx_word' id='word_1_193' title='bbox 1309 2986 1341 3034; x_wconf 85' lang='lat' dir='ltr'><strong>ad</strong></span> <span class='ocrx_word' id='word_1_194' title='bbox 1359 3000 1401 3034; x_wconf 77' lang='lat' dir='ltr'><strong>ro-</strong></span> 
     </span>
     <span class='ocr_line' id='line_1_27' title="bbox 294 3061 1402 3115; baseline -0.005 0"><span class='ocrx_word' id='word_1_195' title='bbox 294 3066 453 3115; x_wconf 78' lang='lat' dir='ltr'><strong>contrerium</strong></span> <span class='ocrx_word' id='word_1_196' title='bbox 473 3063 558 3113; x_wconf 81' lang='lat' dir='ltr'><strong>futile.</strong></span> <span class='ocrx_word' id='word_1_197' title='bbox 593 3063 659 3112; x_wconf 83' lang='lat' dir='ltr'><strong>Inde</strong></span> <span class='ocrx_word' id='word_1_198' title='bbox 679 3063 762 3112; x_wconf 74' lang='lat' dir='ltr'><strong>Varro</strong></span> <span class='ocrx_word' id='word_1_199' title='bbox 782 3063 827 3112; x_wconf 81' lang='lat' dir='ltr'><strong>tib.</strong></span> <span class='ocrx_word' id='word_1_200' title='bbox 869 3063 944 3110; x_wconf 85' lang='lat' dir='ltr'><strong>lenna</strong></span> <span class='ocrx_word' id='word_1_201' title='bbox 970 3071 997 3112; x_wconf 87' lang='lat' dir='ltr'><strong>et</strong></span> <span class='ocrx_word' id='word_1_202' title='bbox 1021 3069 1118 3112; x_wconf 78' lang='lat' dir='ltr'><strong>alatum</strong></span> <span class='ocrx_word' id='word_1_203' title='bbox 1141 3061 1298 3110; x_wconf 70' lang='lat' dir='ltr'><strong>sacrificium</strong></span> <span class='ocrx_word' id='word_1_204' title='bbox 1321 3077 1402 3110; x_wconf 84' lang='lat' dir='ltr'><strong>errrru</strong></span> 
     </span>
     <span class='ocr_line' id='line_1_28' title="bbox 294 3136 1401 3203; baseline -0.001 -14"><span class='ocrx_word' id='word_1_205' title='bbox 294 3153 333 3191; x_wconf 80' lang='grc' dir='ltr'><strong>ιι.</strong></span> <span class='ocrx_word' id='word_1_206' title='bbox 345 3142 378 3190; x_wconf 84' lang='lat' dir='ltr'><strong>de</strong></span> <span class='ocrx_word' id='word_1_207' title='bbox 390 3141 420 3190; x_wconf 82' lang='lat' dir='ltr'><strong>L.</strong></span> <span class='ocrx_word' id='word_1_208' title='bbox 432 3141 460 3190; x_wconf 77' lang='lat' dir='ltr'><strong>L.</strong></span> <span class='ocrx_word' id='word_1_209' title='bbox 476 3141 629 3203; x_wconf 61' lang='lat' dir='ltr'><strong>‘Stagnum</strong></span> <span class='ocrx_word' id='word_1_210' title='bbox 643 3139 737 3188; x_wconf 79' lang='lat' dir='ltr'><strong>Graece</strong></span> <span class='ocrx_word' id='word_1_211' title='bbox 753 3136 826 3200; x_wconf 65' lang='lat' dir='ltr'><strong>uriq-</strong></span> <span class='ocrx_word' id='word_1_212' title='bbox 869 3140 926 3188; x_wconf 75' lang='lat' dir='ltr'><strong>aelii</strong></span> <span class='ocrx_word' id='word_1_213' title='bbox 938 3139 984 3202; x_wconf 80' lang='lat' dir='ltr'><strong>jur</strong></span> <span class='ocrx_word' id='word_1_214' title='bbox 1002 3139 1088 3199; x_wconf 79' lang='lat' dir='ltr'><strong>ereet,&#39;</strong></span> <span class='ocrx_word' id='word_1_215' title='bbox 1109 3143 1158 3188; x_wconf 80' lang='lat' dir='ltr'><strong>&amp;c</strong></span> <span class='ocrx_word' id='word_1_216' title='bbox 1192 3139 1225 3188; x_wconf 85' lang='lat' dir='ltr'><strong>Et</strong></span> <span class='ocrx_word' id='word_1_217' title='bbox 1248 3139 1273 3187; x_wconf 89' lang='lat' dir='ltr'><strong>in</strong></span> <span class='ocrx_word' id='word_1_218' title='bbox 1293 3141 1401 3189; x_wconf 78' lang='lat' dir='ltr'><strong>ltlilone.</strong></span> 
     </span>
     <span class='ocr_line' id='line_1_29' title="bbox 295 3215 1400 3280; baseline 0.002 -16"><span class='ocrx_word' id='word_1_219' title='bbox 295 3215 345 3276; x_wconf 76' lang='lat' dir='ltr'><strong>vir,</strong></span> <span class='ocrx_word' id='word_1_220' title='bbox 356 3217 424 3280; x_wconf 84' lang='lat' dir='ltr'><strong>qrrod</strong></span> <span class='ocrx_word' id='word_1_221' title='bbox 439 3217 578 3265; x_wconf 81' lang='lat' dir='ltr'><strong>nonhabet</strong></span> <span class='ocrx_word' id='word_1_222' title='bbox 592 3215 773 3266; x_wconf 75' lang='lat' dir='ltr'><strong>rimam.’Due.</strong></span> <span class='ocrx_word' id='word_1_223' title='bbox 867 3216 911 3275; x_wconf 77' lang='lat' dir='ltr'><strong>Sic</strong></span> <span class='ocrx_word' id='word_1_224' title='bbox 936 3229 982 3278; x_wconf 77' lang='lat' dir='ltr'><strong>pro</strong></span> <span class='ocrx_word' id='word_1_225' title='bbox 1004 3217 1080 3264; x_wconf 86' lang='lat' dir='ltr'><strong>dumo</strong></span> <span class='ocrx_word' id='word_1_226' title='bbox 1097 3215 1205 3264; x_wconf 79' lang='lat' dir='ltr'><strong>‘Status</strong></span> <span class='ocrx_word' id='word_1_227' title='bbox 1222 3217 1400 3266; x_wconf 78' lang='lat' dir='ltr'><strong>caeriurouiae’</strong></span> 
     </span>
     <span class='ocr_line' id='line_1_30' title="bbox 328 3290 1401 3355; baseline 0.001 -17"><span class='ocrx_word' id='word_1_228' title='bbox 328 3290 524 3352; x_wconf 69' lang='lat' dir='ltr'><strong>‘StalagmiumJ</strong></span> <span class='ocrx_word' id='word_1_229' title='bbox 543 3292 674 3340; x_wconf 85' lang='lat' dir='ltr'><strong>inaurium</strong></span> <span class='ocrx_word' id='word_1_230' title='bbox 691 3306 772 3355; x_wconf 74' lang='lat' dir='ltr'><strong>genui</strong></span> <span class='ocrx_word' id='word_1_231' title='bbox 784 3291 828 3340; x_wconf 82' lang='lat' dir='ltr'><strong>ob·</strong></span> <span class='ocrx_word' id='word_1_232' title='bbox 867 3292 944 3342; x_wconf 73' lang='lat' dir='ltr'><strong>dixit.</strong></span> <span class='ocrx_word' id='word_1_233' title='bbox 977 3293 1044 3353; x_wconf 74' lang='lat' dir='ltr'><strong>Lege</strong></span> <span class='ocrx_word' id='word_1_234' title='bbox 1058 3292 1135 3354; x_wconf 78' lang='lat' dir='ltr'><strong>iutra,</strong></span> <span class='ocrx_word' id='word_1_235' title='bbox 1156 3293 1196 3340; x_wconf 86' lang='lat' dir='ltr'><strong>De</strong></span> <span class='ocrx_word' id='word_1_236' title='bbox 1206 3291 1330 3352; x_wconf 74' lang='lat' dir='ltr'><strong>meritrgie</strong></span> <span class='ocrx_word' id='word_1_237' title='bbox 1337 3307 1401 3339; x_wconf 73' lang='lat' dir='ltr'><strong>con·</strong></span> 
     </span>
     <span class='ocr_line' id='line_1_31' title="bbox 295 3366 1403 3432; baseline 0.002 -18"><span class='ocrx_word' id='word_1_238' title='bbox 295 3368 398 3429; x_wconf 80' lang='lat' dir='ltr'><strong>longam</strong></span> <span class='ocrx_word' id='word_1_239' title='bbox 421 3381 454 3416; x_wconf 82' lang='lat' dir='ltr'><strong>ex</strong></span> <span class='ocrx_word' id='word_1_240' title='bbox 484 3368 563 3415; x_wconf 86' lang='lat' dir='ltr'><strong>bacea</strong></span> <span class='ocrx_word' id='word_1_241' title='bbox 587 3367 715 3429; x_wconf 63' lang='lat' dir='ltr'><strong>pendam</strong></span> <span class='ocrx_word' id='word_1_242' title='bbox 737 3370 827 3432; x_wconf 82' lang='lat' dir='ltr'><strong>qnalee</strong></span> <span class='ocrx_word' id='word_1_243' title='bbox 867 3368 947 3417; x_wconf 74' lang='lat' dir='ltr'><strong>nam.</strong></span> <span class='ocrx_word' id='word_1_244' title='bbox 984 3367 1085 3418; x_wconf 86' lang='lat' dir='ltr'><strong>Videin</strong></span> <span class='ocrx_word' id='word_1_245' title='bbox 1105 3367 1261 3430; x_wconf 77' lang='lat' dir='ltr'><strong>‘prohibere</strong></span> <span class='ocrx_word' id='word_1_246' title='bbox 1277 3366 1403 3417; x_wconf 67' lang='lat' dir='ltr'><strong>comitia!</strong></span> 
     </span>
     <span class='ocr_line' id='line_1_32' title="bbox 294 3439 943 3506; baseline 0.002 -18"><span class='ocrx_word' id='word_1_247' title='bbox 294 3439 422 3504; x_wconf 83' lang='lat' dir='ltr'><strong>hodieque</strong></span> <span class='ocrx_word' id='word_1_248' title='bbox 434 3442 554 3490; x_wconf 78' lang='lat' dir='ltr'><strong>mulieres</strong></span> <span class='ocrx_word' id='word_1_249' title='bbox 562 3453 658 3491; x_wconf 68' lang='lat' dir='ltr'><strong>nostrai</strong></span> <span class='ocrx_word' id='word_1_250' title='bbox 671 3452 773 3506; x_wconf 78' lang='lat' dir='ltr'><strong>gestare</strong></span> <span class='ocrx_word' id='word_1_251' title='bbox 786 3459 826 3493; x_wconf 80' lang='lat' dir='ltr'><strong>ro·</strong></span> <span class='ocrx_word' id='word_1_252' title='bbox 867 3443 943 3492; x_wconf 70' lang='lat' dir='ltr'><strong>luem.</strong></span> 
     </span>
     <span class='ocr_line' id='line_1_33' title="bbox 294 3516 1402 3582; baseline 0.005 -18"><span class='ocrx_word' id='word_1_253' title='bbox 294 3517 361 3565; x_wconf 77' lang='lat' dir='ltr'><strong>leut-</strong></span> <span class='ocrx_word' id='word_1_254' title='bbox 393 3516 433 3565; x_wconf 86' lang='lat' dir='ltr'><strong>Ad</strong></span> <span class='ocrx_word' id='word_1_255' title='bbox 454 3525 538 3578; x_wconf 76' lang='lat' dir='ltr'><strong>gnttae</strong></span> <span class='ocrx_word' id='word_1_256' title='bbox 555 3518 747 3567; x_wconf 80' lang='lat' dir='ltr'><strong>rimilitntlinem</strong></span> <span class='ocrx_word' id='word_1_257' title='bbox 769 3533 827 3582; x_wconf 72' lang='lat' dir='ltr'><strong>qtrae</strong></span> <span class='ocrx_word' id='word_1_258' title='bbox 900 3517 1006 3568; x_wconf 57' lang='lat' dir='ltr'><strong>wana</strong></span> <span class='ocrx_word' id='word_1_259' title='bbox 1027 3519 1131 3582; x_wconf 73' lang='lat' dir='ltr'><strong>Matris]</strong></span> <span class='ocrx_word' id='word_1_260' title='bbox 1153 3521 1259 3569; x_wconf 75' lang='lat' dir='ltr'><strong>Ventum</strong></span> <span class='ocrx_word' id='word_1_261' title='bbox 1278 3521 1402 3582; x_wconf 76' lang='lat' dir='ltr'><strong>intelligit</strong></span> 
     </span>
     <span class='ocr_line' id='line_1_34' title="bbox 295 3591 1401 3657; baseline 0.004 -17"><span class='ocrx_word' id='word_1_262' title='bbox 295 3591 671 3652; x_wconf 65' lang='lat' dir='ltr'><strong>Graciemaaynlrdicitnr.</strong></span> <span class='ocrx_word' id='word_1_263' title='bbox 707 3595 828 3643; x_wconf 86' lang='lat' dir='ltr'><strong>Meminit</strong></span> <span class='ocrx_word' id='word_1_264' title='bbox 868 3607 943 3657; x_wconf 79' lang='lat' dir='ltr'><strong>qtraut</strong></span> <span class='ocrx_word' id='word_1_265' title='bbox 968 3595 1045 3656; x_wconf 78' lang='lat' dir='ltr'><strong>prisci</strong></span> <span class='ocrx_word' id='word_1_266' title='bbox 1063 3596 1105 3644; x_wconf 83' lang='lat' dir='ltr'><strong>-tttt</strong></span> <span class='ocrx_word' id='word_1_267' title='bbox 1128 3610 1144 3643; x_wconf 75' lang='lat' dir='ltr'><strong>a</strong></span> <span class='ocrx_word' id='word_1_268' title='bbox 1164 3595 1277 3644; x_wconf 66' lang='lat' dir='ltr'><strong>sicunde</strong></span> <span class='ocrx_word' id='word_1_269' title='bbox 1296 3595 1401 3644; x_wconf 78' lang='lat' dir='ltr'><strong>Statum</strong></span> 
     </span>
     <span class='ocr_line' id='line_1_35' title="bbox 295 3667 1400 3734; baseline -0.003 -17"><span class='ocrx_word' id='word_1_270' title='bbox 295 3669 383 3718; x_wconf 76' lang='lat' dir='ltr'><strong>Plent.</strong></span> <span class='ocrx_word' id='word_1_271' title='bbox 403 3669 531 3717; x_wconf 84' lang='lat' dir='ltr'><strong>Menaeclr.</strong></span> <span class='ocrx_word' id='word_1_272' title='bbox 550 3667 611 3718; x_wconf 81' lang='lat' dir='ltr'><strong>Act.</strong></span> <span class='ocrx_word' id='word_1_273' title='bbox 622 3682 666 3717; x_wconf 90' lang='grc' dir='ltr'><strong>ιιι.</strong></span> <span class='ocrx_word' id='word_1_274' title='bbox 686 3683 722 3718; x_wconf 83' lang='lat' dir='ltr'><strong>re.</strong></span> <span class='ocrx_word' id='word_1_275' title='bbox 735 3673 759 3718; x_wconf 83' lang='lat' dir='ltr'><strong>a.</strong></span> <span class='ocrx_word' id='word_1_276' title='bbox 774 3671 827 3719; x_wconf 83' lang='lat' dir='ltr'><strong>‘n-</strong></span> <span class='ocrx_word' id='word_1_277' title='bbox 868 3671 999 3728; x_wconf 80' lang='lat' dir='ltr'><strong>dixerunt,</strong></span> <span class='ocrx_word' id='word_1_278' title='bbox 1019 3678 1046 3720; x_wconf 88' lang='lat' dir='ltr'><strong>nt</strong></span> <span class='ocrx_word' id='word_1_279' title='bbox 1057 3671 1115 3734; x_wconf 72' lang='lat' dir='ltr'><strong>ejus</strong></span> <span class='ocrx_word' id='word_1_280' title='bbox 1127 3685 1220 3722; x_wconf 86' lang='lat' dir='ltr'><strong>numen</strong></span> <span class='ocrx_word' id='word_1_281' title='bbox 1230 3671 1350 3720; x_wconf 71' lang='lat' dir='ltr'><strong>Graecum</strong></span> <span class='ocrx_word' id='word_1_282' title='bbox 1362 3667 1400 3718; x_wconf 76' lang='lat' dir='ltr'><strong>ef.</strong></span> 
     </span>
     <span class='ocr_line' id='line_1_36' title="bbox 295 3744 1402 3809; baseline 0.003 -16"><span class='ocrx_word' id='word_1_283' title='bbox 295 3747 382 3806; x_wconf 85' lang='lat' dir='ltr'><strong>mubo,</strong></span> <span class='ocrx_word' id='word_1_284' title='bbox 394 3745 427 3792; x_wconf 88' lang='lat' dir='ltr'><strong>mi</strong></span> <span class='ocrx_word' id='word_1_285' title='bbox 441 3745 612 3806; x_wconf 75' lang='lat' dir='ltr'><strong>Menaechme,</strong></span> <span class='ocrx_word' id='word_1_286' title='bbox 623 3747 724 3794; x_wconf 84' lang='lat' dir='ltr'><strong>inaurea</strong></span> <span class='ocrx_word' id='word_1_287' title='bbox 737 3745 770 3794; x_wconf 85' lang='lat' dir='ltr'><strong>da</strong></span> <span class='ocrx_word' id='word_1_288' title='bbox 781 3748 827 3795; x_wconf 90' lang='lat' dir='ltr'><strong>mi·</strong></span> <span class='ocrx_word' id='word_1_289' title='bbox 868 3745 1003 3807; x_wconf 74' lang='lat' dir='ltr'><strong>lingerent,</strong></span> <span class='ocrx_word' id='word_1_290' title='bbox 1016 3747 1191 3796; x_wconf 70' lang='lat' dir='ltr'><strong>Gracitenim</strong></span> <span class='ocrx_word' id='word_1_291' title='bbox 1201 3744 1402 3809; x_wconf 54' lang='lat' dir='ltr'><strong>tarantum·</strong></span> 
     </span>
     <span class='ocr_line' id='line_1_37' title="bbox 293 3819 1400 3886; baseline 0.003 -18"><span class='ocrx_word' id='word_1_292' title='bbox 293 3821 320 3868; x_wconf 86' lang='lat' dir='ltr'><strong>tri</strong></span> <span class='ocrx_word' id='word_1_293' title='bbox 334 3820 479 3868; x_wconf 82' lang='lat' dir='ltr'><strong>Faciundas</strong></span> <span class='ocrx_word' id='word_1_294' title='bbox 501 3819 586 3882; x_wconf 82' lang='lat' dir='ltr'><strong>pondo</strong></span> <span class='ocrx_word' id='word_1_295' title='bbox 599 3820 676 3868; x_wconf 80' lang='lat' dir='ltr'><strong>drrrrm</strong></span> <span class='ocrx_word' id='word_1_296' title='bbox 688 3835 827 3884; x_wconf 82' lang='lat' dir='ltr'><strong>nummum,</strong></span> <span class='ocrx_word' id='word_1_297' title='bbox 868 3825 914 3877; x_wconf 75' lang='grc' dir='ltr'><strong>θαι,</strong></span> <span class='ocrx_word' id='word_1_298' title='bbox 938 3824 955 3871; x_wconf 90' lang='lat' dir='ltr'><strong>i.</strong></span> <span class='ocrx_word' id='word_1_299' title='bbox 976 3821 1122 3886; x_wconf 70' lang='grc' dir='ltr'><strong>ἱδρύσασθαι,</strong></span> <span class='ocrx_word' id='word_1_300' title='bbox 1138 3826 1198 3886; x_wconf 70' lang='lat' dir='ltr'><strong>quita</strong></span> <span class='ocrx_word' id='word_1_301' title='bbox 1218 3825 1312 3886; x_wconf 77' lang='lat' dir='ltr'><strong>ubique</strong></span> <span class='ocrx_word' id='word_1_302' title='bbox 1329 3833 1400 3873; x_wconf 77' lang='lat' dir='ltr'><strong>etate</strong></span> 
     </span>
     <span class='ocr_line' id='line_1_38' title="bbox 295 3896 1242 3960; baseline 0.005 -16"><span class='ocrx_word' id='word_1_303' title='bbox 295 3897 441 3960; x_wconf 68' lang='lat' dir='ltr'><strong>stalagmian,</strong></span> <span class='ocrx_word' id='word_1_304' title='bbox 452 3896 488 3944; x_wconf 94' lang='lat' dir='ltr'><strong>Ut</strong></span> <span class='ocrx_word' id='word_1_305' title='bbox 501 3905 526 3944; x_wconf 89' lang='lat' dir='ltr'><strong>te</strong></span> <span class='ocrx_word' id='word_1_306' title='bbox 536 3897 648 3945; x_wconf 83' lang='lat' dir='ltr'><strong>libenter</strong></span> <span class='ocrx_word' id='word_1_307' title='bbox 657 3896 758 3944; x_wconf 78' lang='lat' dir='ltr'><strong>videam</strong></span> <span class='ocrx_word' id='word_1_308' title='bbox 769 3909 826 3944; x_wconf 85' lang='lat' dir='ltr'><strong>cum</strong></span> <span class='ocrx_word' id='word_1_309' title='bbox 868 3905 937 3946; x_wconf 77' lang='lat' dir='ltr'><strong>erret</strong></span> <span class='ocrx_word' id='word_1_310' title='bbox 949 3907 977 3946; x_wconf 84' lang='lat' dir='ltr'><strong>et</strong></span> <span class='ocrx_word' id='word_1_311' title='bbox 989 3908 1150 3948; x_wconf 73' lang='lat' dir='ltr'><strong>consecratu.</strong></span> <span class='ocrx_word' id='word_1_312' title='bbox 1168 3899 1242 3948; x_wconf 78' lang='lat' dir='ltr'><strong>Idem.</strong></span> 
     </span>
     <span class='ocr_line' id='line_1_39' title="bbox 296 3972 1401 4039; baseline 0.005 -19"><span class='ocrx_word' id='word_1_313' title='bbox 296 3972 519 4022; x_wconf 63' lang='lat' dir='ltr'><strong>cenomanens!</strong></span> <span class='ocrx_word' id='word_1_314' title='bbox 553 3973 583 4020; x_wconf 89' lang='lat' dir='ltr'><strong>ln</strong></span> <span class='ocrx_word' id='word_1_315' title='bbox 594 3987 669 4021; x_wconf 82' lang='lat' dir='ltr'><strong>verru</strong></span> <span class='ocrx_word' id='word_1_316' title='bbox 681 3972 780 4021; x_wconf 77' lang='lat' dir='ltr'><strong>(laecilti</strong></span> <span class='ocrx_word' id='word_1_317' title='bbox 792 3973 827 4020; x_wconf 89' lang='lat' dir='ltr'><strong>le·</strong></span> <span class='ocrx_word' id='word_1_318' title='bbox 899 3975 1243 4039; x_wconf 73' lang='lat' dir='ltr'><strong>lQeiplnrimttet&#39;bifiebnt]</strong></span> <span class='ocrx_word' id='word_1_319' title='bbox 1268 3975 1311 4026; x_wconf 86' lang='lat' dir='ltr'><strong>Ob</strong></span> <span class='ocrx_word' id='word_1_320' title='bbox 1322 3991 1401 4026; x_wconf 82' lang='lat' dir='ltr'><strong>excu-</strong></span> 
     </span>
     <span class='ocr_line' id='line_1_40' title="bbox 296 4049 1401 4118; baseline 0.006 -22"><span class='ocrx_word' id='word_1_321' title='bbox 296 4065 339 4110; x_wconf 67' lang='lat' dir='ltr'><strong>uo,</strong></span> <span class='ocrx_word' id='word_1_322' title='bbox 350 4051 448 4098; x_wconf 70' lang='lat' dir='ltr'><strong>damen</strong></span> <span class='ocrx_word' id='word_1_323' title='bbox 462 4065 518 4098; x_wconf 78' lang='lat' dir='ltr'><strong>aare</strong></span> <span class='ocrx_word' id='word_1_324' title='bbox 536 4051 587 4110; x_wconf 69' lang='lat' dir='ltr'><strong>rjus</strong></span> <span class='ocrx_word' id='word_1_325' title='bbox 601 4049 753 4110; x_wconf 71' lang='lat' dir='ltr'><strong>stalagmium</strong></span> <span class='ocrx_word' id='word_1_326' title='bbox 765 4051 828 4098; x_wconf 79' lang='lat' dir='ltr'><strong>domi</strong></span> <span class='ocrx_word' id='word_1_327' title='bbox 868 4053 1049 4116; x_wconf 68' lang='lat' dir='ltr'><strong>hinnientium,</strong></span> <span class='ocrx_word' id='word_1_328' title='bbox 1067 4069 1124 4116; x_wconf 79' lang='lat' dir='ltr'><strong>qnae</strong></span> <span class='ocrx_word' id='word_1_329' title='bbox 1146 4057 1172 4102; x_wconf 91' lang='lat' dir='ltr'><strong>iu</strong></span> <span class='ocrx_word' id='word_1_330' title='bbox 1192 4053 1249 4104; x_wconf 88' lang='lat' dir='ltr'><strong>t&#39;oro</strong></span> <span class='ocrx_word' id='word_1_331' title='bbox 1269 4055 1401 4118; x_wconf 65' lang='lat' dir='ltr'><strong>precipue</strong></span> 
     </span>
     <span class='ocr_line' id='line_1_41' title="bbox 295 4125 1115 4190; baseline 0.004 -18"><span class='ocrx_word' id='word_1_332' title='bbox 295 4125 375 4172; x_wconf 71' lang='lat' dir='ltr'><strong>luteo.</strong></span> <span class='ocrx_word' id='word_1_333' title='bbox 410 4126 465 4174; x_wconf 72' lang='lat' dir='ltr'><strong>Etsi</strong></span> <span class='ocrx_word' id='word_1_334' title='bbox 478 4127 554 4174; x_wconf 81' lang='lat' dir='ltr'><strong>alitor</strong></span> <span class='ocrx_word' id='word_1_335' title='bbox 568 4127 592 4173; x_wconf 89' lang='lat' dir='ltr'><strong>ln</strong></span> <span class='ocrx_word' id='word_1_336' title='bbox 609 4125 684 4174; x_wconf 81' lang='lat' dir='ltr'><strong>l&#39;unii</strong></span> <span class='ocrx_word' id='word_1_337' title='bbox 698 4126 827 4186; x_wconf 75' lang='lat' dir='ltr'><strong>Epiruma.</strong></span> <span class='ocrx_word' id='word_1_338' title='bbox 868 4130 1021 4190; x_wconf 72' lang='lat' dir='ltr'><strong>agebantur.</strong></span> <span class='ocrx_word' id='word_1_339' title='bbox 1042 4130 1115 4178; x_wconf 76' lang='lat' dir='ltr'><strong>luem.</strong></span> 
     </span>
     <span class='ocr_line' id='line_1_42' title="bbox 301 4199 1402 4269; baseline 0.007 -24"><span class='ocrx_word' id='word_1_340' title='bbox 301 4199 377 4246; x_wconf 81' lang='lat' dir='ltr'><strong>Idem.</strong></span> <span class='ocrx_word' id='word_1_341' title='bbox 900 4213 910 4238; x_wconf 84' lang='lat'><strong>¹</strong></span> <span class='ocrx_word' id='word_1_342' title='bbox 928 4205 1016 4253; x_wconf 77' lang='lat' dir='ltr'><strong>Statua</strong></span> <span class='ocrx_word' id='word_1_343' title='bbox 1028 4211 1062 4253; x_wconf 75' lang='lat' dir='ltr'><strong>ret</strong></span> <span class='ocrx_word' id='word_1_344' title='bbox 1073 4205 1157 4264; x_wconf 75' lang='lat' dir='ltr'><strong>Ludii,</strong></span> <span class='ocrx_word' id='word_1_345' title='bbox 1165 4205 1227 4269; x_wconf 73' lang='lat' dir='ltr'><strong>rjus]</strong></span> <span class='ocrx_word' id='word_1_346' title='bbox 1243 4205 1313 4254; x_wconf 83' lang='lat' dir='ltr'><strong>Hine</strong></span> <span class='ocrx_word' id='word_1_347' title='bbox 1325 4205 1402 4254; x_wconf 77' lang='lat' dir='ltr'><strong>intel·</strong></span> 
     </span>
     <span class='ocr_line' id='line_1_43' title="bbox 330 4273 1400 4345; baseline 0.007 -23"><span class='ocrx_word' id='word_1_348' title='bbox 330 4281 341 4305; x_wconf 83' lang='lat'><strong>¹¹</strong></span> <span class='ocrx_word' id='word_1_349' title='bbox 359 4273 439 4323; x_wconf 78' lang='lat' dir='ltr'><strong>Statu·</strong></span> <span class='ocrx_word' id='word_1_350' title='bbox 448 4277 577 4340; x_wconf 74' lang='lat' dir='ltr'><strong>sacrificia]</strong></span> <span class='ocrx_word' id='word_1_351' title='bbox 595 4277 770 4340; x_wconf 81' lang='lat' dir='ltr'><strong>Oppennntur</strong></span> <span class='ocrx_word' id='word_1_352' title='bbox 790 4278 827 4328; x_wconf 94' lang='lat' dir='ltr'><strong>in·</strong></span> <span class='ocrx_word' id='word_1_353' title='bbox 870 4280 988 4342; x_wconf 81' lang='lat' dir='ltr'><strong>ligendua</strong></span> <span class='ocrx_word' id='word_1_354' title='bbox 1001 4281 1071 4329; x_wconf 77' lang='lat' dir='ltr'><strong>locus</strong></span> <span class='ocrx_word' id='word_1_355' title='bbox 1081 4281 1146 4330; x_wconf 84' lang='lat' dir='ltr'><strong>Pub.</strong></span> <span class='ocrx_word' id='word_1_356' title='bbox 1158 4282 1272 4331; x_wconf 78' lang='lat' dir='ltr'><strong>Victoria</strong></span> <span class='ocrx_word' id='word_1_357' title='bbox 1284 4281 1327 4345; x_wconf 84' lang='lat' dir='ltr'><strong>qul</strong></span> <span class='ocrx_word' id='word_1_358' title='bbox 1338 4283 1364 4329; x_wconf 91' lang='lat' dir='ltr'><strong>in</strong></span> <span class='ocrx_word' id='word_1_359' title='bbox 1374 4285 1400 4330; x_wconf 81' lang='grc'><strong>8.</strong></span> 
     </span>
    </p>
   </div>
   <div class='ocr_carea' id='block_1_7' title="bbox 0 0 1601 4940">
    <p class='ocr_par' dir='ltr' id='par_1_14' title="bbox 0 0 1601 4940">
     <span class='ocr_line' id='line_1_44' title="bbox 0 0 1601 4940; baseline 0 0"><span class='ocrx_word' id='word_1_360' title='bbox 0 0 1601 4940; x_wconf 95' lang='lat' dir='ltr'><strong> </strong></span> 
     </span>
    </p>
   </div>
  </div>
 </body>
</html>
