3146 4932
317 343 381 412 508
649 353 760 402 saxei
785 348 938 399 eournrr
962 347 1066 396 rusci

320 499 526 583 Objurgatio,
542 503 619 580 post
632 505 727 579 turpe
743 495 865 560 factum
877 489 1059 572 castigatio.
1094 487 1238 554 Monitio
1251 506 1330 551 vero
1349 495 1415 552 est

362 600 671 664 antecommissum.

321 699 594 776 obliteratum,¹³¹
608 698 666 762 alii
680 699 723 760 ab
734 695 911 770 oblivione,
923 691 981 756 alii
993 711 1014 755 a
1026 691 1150 768 littora,
1161 688 1253 772 quod
1275 687 1413 766 [Fuso.

363 801 411 863 ibi
425 807 539 863 nomta
552 798 707 862 fluctibus
723 796 859 877 aequari,
873 799 905 856 ct
919 793 991 856 tolli
1006 793 1124 858 solent.

322 898 601 964 oblueinasse¹⁴²
622 898 776 962 dicebant
799 894 925 976 antiqui
950 900 1059 957 mente
1088 910 1228 970 errasse,
1273 891 1411 973 [Fusa.

363 1001 460 1083 quasi
474 1003 509 1064 in
523 1001 600 1063 luco
617 998 761 1062 Deorum
775 996 875 1060 alicui
889 995 1084 1072 occurrisse.

322 1101 548 1164 Obmarrensr¹¹
570 1120 629 1182 pro
644 1099 701 1162 diu
716 1116 861 1174 manens,
875 1104 913 1159 ut
926 1114 1135 1179 penuanens.

322 1203 509 1268 Obmovetc
523 1221 583 1284 pro
598 1200 774 1265 admoveto
789 1198 959 1262 dicebatur
974 1195 1064 1280 apud
1079 1197 1245 1279 antiquos,
1266 1193 1411 1271 [Pron.

365 1313 404 1366 ut
417 1304 484 1368 alia
497 1321 572 1384 quaa
587 1319 688 1383 supra
702 1301 810 1364 relata
824 1309 913 1363 sunt.

323 1403 532 1480 Obnectere,t
557 1403 714 1482 obligare,
740 1401 887 1464 maxime
906 1402 940 1464 in
953 1400 1080 1482 nuptiis
1093 1399 1248 1481 frequens
1281 1395 1414 1471 [Fun.

366 1511 458 1568 est.¹⁵

325 1605 519 1682 Obnectere,
534 1605 691 1686 obligare.
1272 1597 1416 1681 [Pauu-

324 1706 526 1780 Obuoxius‚¹
547 1725 656 1788 poenae
671 1705 837 1786 obligatus
852 1703 895 1767 ob
911 1703 1077 1767 delictum.

324 1806 498 1885 obaubitu
519 1815 622 1889 caput
647 1807 779 1890 operit:
802 1805 890 1868 unde
915 1812 950 1867 et
975 1805 1101 1886 nuptiae
1123 1803 1221 1867 diotae
1244 1821 1265 1866 a
1285 1799 1415 1882 capitis

368 1905 593 1989 operitiona.¹⁶
1126 1901 1130 1914 '

326 2007 491 2085 Oboritur,
507 2008 709 2072 adnascitur.

327 2109 512 2187 Oboritur,³
532 2108 733 2174 adnascitur:
753 2127 831 2170 uam
846 2107 1117 2190 praepositionem
1133 2107 1188 2182 ob,
1202 2123 1262 2188 pro
1286 2101 1417 2186 [Ἐκεῖ.

778 2267 852 2289 mo!
855 2268 959 2290 eune*

360 2355 391 2400 lt
407 2351 467 2400 Vct.
479 2349 524 2399 tib.
538 2349 758 2400 obtumesce-44
770 2351 832 2400 Vet.
845 2351 889 2401 tib.
903 2350 1123 2401 utrumme-t
1138 2349 1207 2399 Seni.
1220 2349 1244 2397 iu
1255 2353 1417 2410 marpnota-

328 2417 366 2464 uit
385 2417 440 2464 bue
458 2415 546 2474 uerba,
556 2422 585 2463 nt
605 2431 637 2463 en
649 2430 708 2463 mox
728 2416 866 2474 obnectere,
880 2420 921 2480 qe.
938 2431 995 2466 eree
1007 2416 1087 2470 Festi,
1098 2414 1144 2463 red
1162 2429 1211 2462 nou
1223 2428 1257 2461 ex
1276 2419 1327 2460 uet.
1338 2411 1417 2462 tib.-

329 2483 359 2528 15
377 2478 524 2540 Legendum
542 2487 629 2528 mouet
644 2479 711 2529 Seni.
731 2479 869 2542 obuertere,
879 2482 993 2542 obtigere,
1011 2479 1089 2534 umis,
1105 2477 1354 2539 uecueupt'iasrequeuo
1364 2479 1418 2524 eat.-

329 2543 369 2590 uai
387 2543 454 2603 neci,
469 2543 593 2605 mcueupii.
611 2545 677 2592 Dec.
695 2543 948 2600 existimabuntur
964 2543 991 2592 iu
1001 2542 1070 2592 uexit
1078 2543 1193 2605 frequens
1207 2545 1243 2590 eat
1256 2555 1342 2590 veram
1358 2551 1417 2587 eree

328 2607 538 2658 lectionem—lb
554 2607 628 2658 vett.
645 2607 704 2656 edd.
715 2607 842 2670 opertione.

329 2823 429 2866 tautum
449 2829 540 2864 nomen
564 2813 648 2875 poitur
666 2814 737 2876 cujus
757 2813 854 2862 citatur
894 2813 952 2862 uide
963 2813 1135 2864 ‘columnatio'
1168 2811 1220 2862 Atii
1231 2827 1247 2861 u
1258 2812 1420 2862 1,ιοίώάῑο-

330 2891 488 2951 Penteriiea,
500 2891 553 2937 siue
570 2889 675 2947 Euniur,
686 2889 741 2936 sive
749 2887 854 2945 Accius,
893 2898 948 2939 tum
960 2889 1060 2950 volunt,
1069 2903 1128 2938 nam
1140 2889 1231 2938 Luciui
1243 2890 1309 2937 inter
1317 2903 1361 2936 cos
1373 2901 1420 2936 uu·

330 2967 385 3014 eive
397 2962 612 3012 Pacuvianam.
893 2967 995 3027 merati,
1003 2967 1045 3030 qui
1065 2965 1152 3029 aliquo
1163 2965 1294 3013 centorum
1307 2964 1371 3012 vitio
1383 2965 1420 3011 ie·

363 3048 372 3072 ¹
397 3035 565 3098 obliteratum]
593 3036 618 3086 Α
640 3037 731 3100 rupino
750 3037 855 3102 oblitum,
895 3041 995 3090 boram.
1014 3041 1081 3091 Ptin.
1093 3041 1246 3090 ‘Oceliaeet
1258 3041 1421 3103 Lucinicog·

331 3117 400 3183 quod
411 3117 547 3166 obtinendo
558 3117 670 3165 deletum
684 3126 734 3168 eat.
773 3119 855 3168 Giano.
894 3131 987 3166 nomeu
998 3117 1097 3179 injurie
1108 3115 1239 3166 lrabuera'
1254 3116 1317 3165 Duc.

332 3197 340 3222 ⁶
358 3192 513 3250 Obliteratu,
537 3191 695 3255 tenttppe‘uuss
725 3193 855 3244 ‘Deiota'
927 3201 939 3227 ¹¹
959 3192 1102 3255 commem]
1114 3191 1157 3240 Sic
1167 3190 1319 3250 vittameno
1328 3196 1355 3238 et
1366 3188 1417 3237 for-

332 3262 427 3315 Arciur
440 3266 466 3314 in
476 3265 713 3328 Agamemnonidir:
726 3267 856 3318 ‘Inimici-
897 3269 960 3318 titer
971 3277 1057 3320 teneo.
1089 3266 1156 3314 Vide
1167 3269 1175 3296 ‘
1187 3264 1364 3316 carmentem!
1382 3267 1420 3314 fd.

332 3346 382 3392 tier
397 3341 579 3404 Pelopidarum
598 3342 727 3391 extinctae
741 3343 797 3404 jem
817 3349 856 3391 at·
927 3351 940 3378 κ
958 3343 1091 3408 Obnocrt'uo]
1108 3341 1209 3405 injure
1220 3341 1324 3406 proprie
1334 3343 1378 3405 qui
1388 3341 1421 3390 ob

333 3433 383 3481 quc
404 3417 553 3467 obliteratae
575 3418 698 3466 memoria
717 3417 856 3467 renouare.’
897 3419 1278 3470 noxiamaticuirubditnaert.
1311 3417 1420 3466 Indead

334 3495 409 3544 Idem·
458 3533 460 3538 .
897 3495 946 3544 aiio
964 3493 1128 3557 transfertur,
1145 3501 1173 3544 et
1190 3495 1303 3544 obnoxiu
1318 3493 1422 3554 dicitur,

363 3571 372 3604 ¹
391 3568 555 3632 Obluciuuese]
581 3566 723 3618 Manifesta
742 3569 857 3618 ostendit
897 3571 940 3634 qni
962 3571 1111 3633 Obligatus,
1129 3570 1271 3633 subjectae,
1289 3570 1421 3631 exponitur

334 3644 518 3694 etAftuciunaoe
535 3643 703 3705 compositum
724 3655 790 3692 esse.
824 3645 858 3694 Et
898 3654 948 3696 est.
981 3645 1047 3693 Vide
1059 3645 1128 3695 Geli.
1139 3645 1182 3695 itb.
1192 3657 1242 3695 un·
1252 3659 1311 3706 cap.
1323 3647 1363 3692 17.
1382 3641 1421 3692 fd.

334 3721 430 3769 iteert.
457 3719 524 3767 Nam
537 3719 858 3768 aniniintereoanume-
930 3717 1422 3786 tOiuubit]Giose.‘Oboobimmd-

335 3794 393 3856 ruti,
405 3793 447 3857 qui
460 3792 544 3856 utiquo
561 3793 692 3842 oculorum
709 3795 771 3843 vitio
789 3795 859 3844 labo·
898 3796 948 3860 ζει]
965 3797 1020 3846 Liu.
1030 3797 1074 3845 iib·
1084 3809 1104 3845 r.
1121 3795 1152 3845 id
1173 3803 1230 3846 eat:
1246 3795 1422 3856 ‘uteroque-

336 3877 403 3918 reut.
435 3868 554 3928 Plinium
583 3867 702 3918 ‘Ocelim
722 3875 751 3918 et
770 3869 860 3918 Luciui
899 3874 950 3935 liga
971 3875 1067 3932 miuus,
1086 3875 1163 3934 ceput
1181 3871 1315 3928 obaubitu.
1337 3868 1424 3920 arbori

337 3961 476 4011 cognomen
502 3945 603 4010 injuria
631 3944 761 3996 habuere!
795 3946 860 3994 Fue·
899 3946 996 3996 infelici
1008 3945 1176 4009 suspendito.'
1194 3945 1313 4010 Virgae.
1325 3943 1424 3994 AEneid.

338 4033 397 4071 runt
419 4029 514 4084 taenea,
536 4021 579 4086 qni
595 4021 685 4070 cums
705 4021 858 4085 scriberent,
898 4024 1067 4086 ‘arsurusque
1082 4035 1168 4070 comm
1190 4021 1297 4070 obnubit
1312 4017 1425 4069 amictu?

338 4097 443 4147 Luscini.
459 4099 514 4149 Joa.
526 4096 593 4147 sml.
900 4099 953 4148 Ubi
964 4096 1023 4146 ride
1033 4095 1157 4145 Seruium·
1173 4096 1248 4144 Idem.

372 4171 533 4236 Obiuetacue]
555 4171 578 4222 Α
600 4175 659 4237 tuce,
680 4185 731 4222 nou
757 4175 858 4223 sture.-
932 4171 1086 4234 ΙΟὺωηῖιιν]
1119 4171 1252 4222 adoritur.
1284 4171 1372 4222 Pleut.
1398 4171 1424 4219 in
