3180 4920
277 350 344 417 774
611 355 727 410 anxrr
752 355 905 407 nonanti
929 353 1034 446 raam

322 507 412 594 quod
433 507 469 572 in
491 523 603 570 ornnes
617 503 768 570 hominos
782 519 880 568 roera
896 497 1043 584 populna
1056 497 1170 578 aaiait,
1182 495 1240 561 lex
1252 493 1367 580 appel·

281 611 445 792 errztalirr&
464 712 526 788 eat,
548 725 625 772 oum
645 705 793 790 populun
808 703 992 770 consulitur
1008 700 1050 766 tle
1062 719 1130 765 nno
1145 699 1222 784 pln-
1242 697 1369 782 [Fran.

322 815 454 879 ribuave
475 811 678 888 hominibus,
702 808 794 893 quod
815 827 880 872 non
895 806 938 871 ad
958 823 1073 869 omnes
1087 805 1266 888 pertineat,
1278 807 1313 864 et
1326 800 1369 864 da

324 933 392 988 nna
416 911 614 998 pluribusve
634 912 744 988 rebns,
759 909 801 973 de
815 909 951 993 qnibna,
966 923 1034 970 non
1056 905 1222 981 omnibnS,
1237 903 1370 994 sanein·

321 1023 390 1082 tur.
419 1015 511 1081 Nam
525 1013 617 1097 qnod
640 1013 673 1075 in
696 1029 808 1076 omnen
822 1011 969 1074 homines
983 1025 1077 1072 resve
1092 1005 1243 1090 populna
1258 1005 1370 1082 scivit,

323 1113 382 1183 le'x
411 1115 606 1199 appellator.
651 1111 774 1195 itaquo
795 1109 917 1176 Gallus
940 1109 1052 1174 AElins
1075 1109 1132 1183 ait,
1157 1108 1241 1170 inter
1264 1105 1370 1188 legam

325 1227 361 1284 at
373 1219 579 1301 rogationem
592 1215 659 1280 hoo
673 1215 832 1278 interest:
854 1212 1053 1296 rogatioest
1065 1227 1169 1291 genus
1184 1208 1277 1289 logis,
1291 1225 1369 1288 qnae

324 1320 385 1385 lox
398 1337 465 1382 non
481 1317 635 1381 continuo
649 1333 692 1378 aa
705 1315 834 1398 rogatio
847 1320 898 1377 ost
911 1311 1071 1397 (rogatio)
1085 1329 1152 1374 non
1170 1314 1282 1393 potest
1302 1327 1370 1372 non

309 1440 398 1486 essa
411 1421 478 1496 lex,
492 1416 636 1481 simodo
645 1417 749 1500 justis
765 1415 907 1481 comitiis
921 1421 1039 1496 rogata
1051 1421 1112 1479 est.

284 1521 430 1588 Romam
440 1529 455 1556 ¹¹
469 1517 672 1602 appellatam
687 1537 764 1583 assa
779 1515 949 1601 Cephalon
963 1514 1171 1598 (largimine,
1184 1513 1241 1597 qni
1255 1513 1298 1577 da
1313 1511 1375 1576 ad·

776 1798 882 1850 Nom

315 1932 325 1964 ²
354 1930 470 1994 herim]
505 1931 661 1995 Rogatiem
694 1931 809 1996 appellat
848 1928 912 1994 legia
939 1927 1042 1978 nomine
1076 1924 1238 1991 generalibus
1264 1923 1375 1988 legibue,

280 2007 346 2056 Sex.
376 2007 527 2073 Pompeius,
559 2008 628 2074 quod
659 2008 810 2074 pmnileriaar
848 2019 906 2069 qnae
924 2005 957 2054 ad
984 2016 1073 2054 amaea
1091 2002 1215 2064 bominer,
1235 2013 1375 2065 omneaqne

285 2083 394 2144 Cicarn;
410 2097 467 2134 eam
478 2085 632 2149 lagonaque
641 2085 674 2134 de
691 2099 742 2134 nno
753 2085 809 2149 pin·
849 2095 889 2130 rer
898 2080 1068 2143 pertinerent.
1085 2078 1145 2130 Art.
1155 2077 1220 2140 Δις.

284 2157 388 2208 riboare
403 2159 557 2221 nominibar‚
573 2169 619 2210 ant
634 2160 667 2209 de
683 2173 736 2210 nna
755 2161 810 2222 plo·
882 2155 999 2220 analo]
1010 2153 1070 2204 vta.
1081 2153 1153 2205 Gell'
1163 2151 1208 2204 lib.
1220 2165 1249 2204 x.
1260 2166 1320 2216 eap.
1331 2155 1374 2202 2⁰.

285 2233 388 2282 ribuare
399 2235 476 2286 rebm
487 2236 715 2294 eonetttntmnart.
732 2235 809 2299 Lepta
849 2231 900 2282 Sed
911 2230 980 2295 qnod
997 2230 1038 2280 blo
1055 2228 1089 2280 ab
1108 2229 1175 2282 lElio
1191 2229 1267 2280 Gallo
1283 2228 1375 2280 diacri-

284 2306 374 2371 itaqne
394 2322 476 2371 genua
492 2322 560 2370 erae,
580 2309 607 2359 iti
631 2315 679 2368 eat,
695 2311 809 2375 aperiam
849 2320 908 2356 mea
919 2306 987 2355 inter
998 2305 1081 2368 legem
1091 2309 1120 2355 et
1130 2304 1291 2368 rogationem
1303 2304 1376 2366 poni·

285 2381 423 2446 quandam,
433 2383 620 2448 intelligemn13
636 2395 674 2448 et,
692 2393 720 2437 ut
732 2387 810 2438 AElinr
851 2389 901 2440 lor,
908 2382 1048 2432 Veterlboa
1056 2397 1107 2432 non
1117 2382 1281 2432 obaerratonr
1289 2379 1378 2443 tutare,

284 2455 377 2508 Gallae
394 2457 510 2523 atrebat,
528 2475 580 2511 non
593 2463 726 2512 omnlrler
736 2477 810 2528 roga·
851 2459 938 2508 multia
947 2459 1104 2523 argumentis
1111 2458 1193 2508 evinci
1201 2464 1296 2522 pateat.
1312 2457 1376 2508 0m·

286 2532 322 2580 tio
341 2541 399 2584 eat:
419 2539 500 2586 omnia
514 2544 601 2586 tamen
619 2537 718 2601 rogatio
731 2537 810 2602 jaatia
851 2547 897 2582 nea
908 2533 976 2583 enirn
994 2535 1073 2598 leger,
1088 2533 1121 2584 da
1135 2534 1227 2598 quibua
1244 2532 1313 2597 epod
1330 2546 1377 2596 po·

285 2609 399 2659 comitile
415 2611 516 2676 rogata,
537 2611 648 2662 texeat.
682 2613 748 2663 Han
770 2621 812 2664 ert
850 2609 939 2672 putam
951 2606 1377 2671 ferebatur,rogationeadiceban·

286 2683 357 2734 Feati
369 2687 505 2737 sententia.
531 2688 564 2736 In
575 2687 660 2738 vorbir
672 2696 759 2738 antam
771 2695 811 2738 ert
850 2694 910 2747 tur;
922 2688 991 2750 leger
1002 2699 1073 2751 vero,
1089 2700 1146 2736 eom
1157 2699 1202 2736 ear
1211 2685 1321 2748 populna
1333 2697 1377 2734 ae·

285 2761 399 2810 nonnihil
418 2761 586 2812 mandorum:
618 2777 729 2828 namque
750 2770 811 2814 anta
850 2770 964 2824 reparat.
1007 2761 1095 2814 Antea
1116 2761 1285 2825 promulgataa
1317 2774 1376 2812 eaor

285 2835 428 2899 illaverba‚
442 2852 489 2886 aaa
504 2842 582 2900 potent
596 2853 712 2901 macrae,
727 2837 811 2899 deam,
851 2835 1000 2885 trinundino
1027 2836 1069 2887 die
1098 2837 1239 2901 propoaitra
1267 2835 1378 2886 inerant.

287 2917 316 2958 ut
338 2911 459 2967 arbitror,
478 2912 584 2962 verbnm
602 2913 716 2976 Rogatio.
759 2914 810 2965 Sed
851 2911 917 2961 Haeo
929 2911 992 2962 trita
1002 2919 1072 2962 aunt.
1106 2912 1199 2975 Porro,
1214 2910 1282 2976 qnod
1297 2911 1378 2973 aerip-

286 2999 432 3050 quanquam
451 2986 552 3056 baeoait
568 2988 639 3038 Fasti
651 2992 747 3054 opinio,
765 2990 810 3038 nti·
851 2999 908 3035 rere
919 2985 1297 3050 viridooti,bicmgatioaeraea
1307 2985 1377 3036 Galli

285 3060 313 3110 ti
328 3062 470 3126 rogationia
494 3063 600 3113 verboru
622 3065 698 3114 latiur
720 3073 811 3129 patere
851 3061 910 3112 AElii
931 3069 960 3110 et
980 3062 1051 3110 Ferri
1073 3063 1201 3112 aententia
1222 3061 1290 3110 iden
1312 3075 1380 3114 ενοι

287 3135 406 3197 videtum
425 3146 452 3186 et
465 3152 552 3188 omnea
569 3139 649 3203 leger,
668 3139 701 3190 rie
719 3141 812 3206 quibat
852 3138 919 3201 qnod
930 3137 998 3201 epod
1017 3138 1170 3188 Ciceronem
1189 3135 1377 3201 ‘privilegiam'

287 3211 320 3260 ad
331 3211 453 3274 populum
463 3210 571 3275 seratur,
586 3217 812 3278 eomprehendam,
852 3211 956 3269 dicitnr,
973 3213 999 3262 id
1015 3212 1119 3262 omnino
1135 3211 1227 3262 faloam
1240 3219 1298 3261 eata
1317 3223 1378 3262 aeta

287 3285 371 3348 Lagea
381 3299 443 3335 aero
454 3287 514 3336 latre
525 3294 595 3348 rarat,
607 3301 665 3338 anm
675 3304 720 3339 ear
732 3306 811 3357 popu.
852 3289 952 3350 rogatio
977 3297 1029 3338 tarn
1048 3289 1074 3338 in
1092 3288 1185 3338 bonam
1195 3301 1268 3352 qnam
1284 3287 1311 3336 in
1322 3300 1379 3336 ma·

286 3360 327 3409 lu·
341 3360 462 3424 tecepiit
486 3368 562 3413 antea
586 3366 753 3430 promolgare
775 3370 813 3417 di·
852 3361 904 3412 lam
924 3370 1022 3424 partera
1041 3363 1201 3426 armabatur,
1216 3363 1380 3428 privilegiam

287 3443 390 3498 cuntur,
401 3449 459 3487 oram
468 3437 616 3490 trinontlino
627 3440 669 3490 die
679 3448 739 3491 aunt
755 3457 813 3506 pro·
853 3453 905 3488 non
917 3439 988 3502 item,
1000 3441 1097 3505 quippe
1108 3443 1176 3506 qnod
1187 3442 1215 3490 ia
1231 3450 1310 3504 eaput
1323 3449 1380 3492 tan·

287 3513 396 3578 potitam
427 3514 528 3576 rogatio
547 3527 609 3564 vero
630 3513 670 3578 fit,
692 3531 751 3566 rom
774 3532 814 3569 ro·
854 3522 908 3565 tum
929 3525 957 3568 et
981 3517 1121 3582 perniciem
1147 3519 1244 3582 privati
1270 3517 1379 3568 bominia

286 3597 380 3654 gantur
393 3589 484 3652 tribua,
496 3588 622 3652 ‘Velitiass
638 3589 767 3655 ‘jobeatir
778 3593 815 3644 ita
853 3605 956 3656 temper
977 3593 1045 3656 apori
1070 3593 1223 3645 vernetiorer
1251 3593 1380 3642 Romanoa

284 3663 366 3718 aeria
390 3665 478 3715 ai‘nti
497 3665 605 3729 rogata’
626 3668 815 3734 reaponderint,
853 3669 934 3719 latam
954 3677 1004 3734 eat,
1027 3679 1058 3721 ut
1081 3669 1201 3734 ruperint
1221 3676 1381 3720 annotatam.

288 3749 343 3792 tum
355 3741 397 3791 lex
409 3749 459 3791 eat.
493 3743 534 3791 Ea
545 3743 630 3794 verbis
639 3752 724 3794 tamen
736 3745 812 3808 Capi·
854 3747 916 3798 Dae.

287 3819 355 3868 tonia
367 3831 383 3868 a
394 3818 479 3868 Gellio
491 3817 579 3868 relati·
599 3819 643 3868 lib.
656 3833 683 3870 x.
693 3834 751 3882 cap.
770 3825 812 3870 2⁰.
883 3830 896 3857 ⁸
914 3823 1026 3886 maa]
1041 3823 1074 3873 ln
1085 3823 1206 3887 exemplo
1222 3821 1379 3886 Cephalania

286 3900 315 3945 et
325 3908 359 3944 ex
370 3893 491 3944 Gelliana
505 3893 721 3957 interpretatione
729 3897 811 3960 aaapi·
853 3895 994 3962 Gergitbii‚
1005 3898 1116 3950 diatedit
1127 3913 1144 3948 a
1159 3899 1291 3948 tentantia
1302 3899 1381 3962 ipalaa

287 3981 333 4017 eor
344 3965 542 4032 aliquantulae,
556 3967 648 4030 quibua
667 3969 812 4032 bojamundi
852 3975 975 4026 biatorioi.
1009 3975 1162 4039 Diooyaiaa:
1175 3972 1381 4037 trebanoru-

286 4043 422 4106 pririlegia
433 4044 506 4106 leger
516 4058 567 4093 noa
579 4043 743 4106 atterentem
755 4047 813 4098 ldeo
851 4048 935 4112 ploos,
949 4049 1099 4114 emporia
1109 4049 1210 4100 rabula
1219 4050 1291 4112 aava
1303 4049 1383 4102 awt-

288 4119 446 4169 eredendum
459 4121 565 4170 eaaeeia
579 4125 812 4183 noneoreneratte
852 4143 882 4190 pe
910 4128 988 4192 γενεᾷ
1011 4125 1072 4188 μετὰ
1091 4127 1134 4176 abr
1152 4128 1255 4178 'maula
1275 4127 1382 4189 πόλιν

286 4191 356 4243 illine
373 4193 514 4257 ropetionir
533 4193 643 4260 deditae,
662 4207 813 4250 conternata
852 4202 957 4256 lum
981 4203 1050 4266 abyr:
1072 4205 1118 4266 rip
1136 4204 1209 4258 ram
1224 4207 1269 4257 aab
1290 4207 1383 4268 25st
