3136 4934
308 401 373 466 540
653 412 767 462 snxrr
793 410 947 488 scissuri
972 410 1077 460 unsri

353 558 527 642 Originum
555 555 643 622 libro
666 557 782 621 tertio:
813 561 948 638 equos¹
973 553 1173 638 respondit:
1201 571 1298 618 oreas
1321 552 1407 618 mihi

351 660 439 738 inde,
454 658 516 726 tibi
536 677 623 742 cape
650 656 828 738 flagellum.
872 653 1004 720 Goelins
1027 673 1088 739 pro
1116 673 1154 720 se
1177 654 1270 738 apud
1295 665 1407 738 popu·

350 763 419 828 ium
437 781 445 822 ε
472 777 648 845 equusque
662 759 744 824 mihi
759 760 823 823 sub
844 757 1188 840 staminibus-occisos
1203 763 1284 836 erat,
1304 775 1405 822 oreas

352 863 488 930 detraho
503 865 709 946 inspectante
722 859 831 925 Lucio
846 858 1018 925 Stertinio.
1118 915 1122 940 ,
1144 867 1148 872 “

311 965 409 1031 Oreas
424 965 520 1042 freni,
535 961 624 1047 quod
639 961 688 1026 ori
707 961 901 1037 inserantur,
917 959 1009 1024 dicti.
1265 956 1405 1040 [Puuc.

311 1065 420 1130 Oreus
439 1063 540 1128 Liber
560 1067 668 1148 pater,
691 1066 725 1126 et
748 1060 921 1126 Oreades¹³
945 1059 1104 1144 nympha
1121 1057 1328 1123 amentibus
1344 1077 1406 1142 ap·

376 1165 529 1230 elluntur.

249 1321 250 1326 ,
310 1187 418 1332 ories
432 1265 534 1334 Liber
546 1268 650 1348 pater,
659 1269 692 1328 et
706 1263 854 1331 Oreades
866 1265 1022 1353 nymphae
1036 1261 1260 1346 appellantur,
1277 1259 1406 1341 [Fssr.

352 1367 444 1453 quod
459 1367 493 1430 in
507 1365 675 1432 montibus
687 1365 873 1450 frequenter
886 1373 1059 1454 apparent.

311 1459 412 1546 Oriri,
425 1470 531 1547 nasci,
547 1468 602 1532 vei
616 1485 763 1552 surgere.
1268 1462 1405 1548 [Faue.

311 1567 485 1652 Originum
499 1569 603 1634 libros
615 1569 705 1653 quod
719 1570 890 1654 inscripsit
901 1569 1005 1652 Gato;
1020 1587 1085 1634 nou
1096 1567 1180 1634 satis
1193 1565 1264 1650 ple·
1278 1565 1406 1650 [Fusr.

352 1689 433 1734 num
455 1667 587 1735 titulum
607 1671 774 1755 propositi
797 1673 851 1736 sui
871 1671 1001 1737 ridetur
1029 1671 1235 1754 amplexus:
1270 1664 1406 1752 quando

351 1779 735 1857 properantesque
763 1779 838 1839 sunt
865 1791 976 1838 rernm
1001 1777 1167 1856 gestarum
1189 1767 1309 1854 popuii
1333 1765 1405 1834 Ro·

353 1875 455 1938 meni.

311 2173 458 2241 Ornatus
481 2177 614 2256 dicitur,
638 2183 675 2240 et
699 2176 802 2241 bonis
827 2176 957 2241 artibus
986 2123 1180 2252 instructus,
1208 2178 1242 2236 et
1263 2171 1406 2236 honores

352 2275 495 2361 adeptus
512 2296 534 2341 a
547 2277 686 2361 populo,
700 2281 734 2342 et
747 2277 831 2341 benc
847 2283 960 2362 aptus,
975 2283 1013 2340 ut
1025 2275 1133 2352 msses,
1151 2279 1211 2338 ant
1224 2271 1406 2356 gladiator,

237 2377 275 2416 s
352 2381 386 2440 et
414 2381 549 2443 actnms
572 2377 725 2444 fabulas:
747 2382 849 2463 atque
870 2379 968 2443 etiam
991 2383 1128 2442 ornatus
1151 2373 1273 2439 dicitnr
1294 2373 1405 2438 cultus

350 2478 426 2560 ipse
440 2497 506 2560 quo
521 2477 599 2562 quis
623 2486 768 2558 ornatur,
791 2483 830 2545 ut
854 2499 931 2544 cum
946 2478 1088 2542 dicimus
1104 2476 1249 2560 aliquem
1264 2473 1406 2556 tragico,

351 2577 406 2642 vei
421 2579 550 2644 comico
564 2586 684 2644 ornatu
704 2579 845 2664 prodire.

309 2667 457 2744 Ornatus
473 2674 605 2759 dicitur,
621 2686 654 2746 et
674 2681 773 2746 bonis
788 2682 916 2748 artibus
930 2679 1122 2757 instructus,
1136 2681 1170 2742 et
1182 2677 1240 2742 ho·
1266 2673 1405 2759 [Psun.

350 2799 451 2845 nores
466 2779 623 2863 adeptus.
665 2779 934 2866 Appellatnrqne
949 2785 1097 2858 omatus,
1110 2779 1222 2846 cuitus
1236 2778 1324 2864 ipsc,
1335 2793 1404 2862 quo

351 2882 430 2964 quis
445 2887 588 2944 ornatur.

309 2979 462 3063 Ortygia,
475 2979 581 3044 Delos
595 2979 717 3046 insula.

771 3158 952 3182 “novemve

339 3306 356 3353 Ι
373 3302 420 3354 Vir
431 3304 502 3356 doct.
513 3305 539 3356 in
550 3319 631 3374 marg.
644 3307 761 3374 ejusdem
774 3309 818 3363 ed.
830 3311 899 3377 conj.
910 3325 990 3377 maur.

803 3517 911 3572 NO'l'AE

306 3637 386 3704 Εᾳιω
395 3645 526 3708 repondit,
540 3649 581 3710 tre.
598 3653 639 3696 ert
652 3647 720 3697 euim
731 3645 834 3698 notissi-
873 3645 946 3713 pium
957 3645 1111 3697 notabimur.
1148 3645 1180 3696 ln
1192 3641 1293 3696 schedis
1307 3641 1404 3707 iegitur

304 3728 361 3765 mur
380 3719 515 3782 apologus,
535 3719 578 3786 qni
597 3728 639 3771 ert
658 3721 726 3786 npnd
750 3721 834 3772 Horr-
874 3721 963 3785 etiarn,
986 3721 1156 3772 ‘Orestiader
1177 3720 1297 3786 nymphe
1309 3717 1404 3769 monti·

304 3789 383 3842 tinnit
401 3793 516 3845 ‘Cerrnr
525 3809 617 3861 equom
630 3811 715 3860 pugna
726 3790 834 3847 melior!
874 3795 1065 3848 umcnitricer.'
1091 3795 1160 3846 vida
1171 3794 1287 3860 Hesych.
1295 3792 1403 3858 'Opur-

303 3864 335 3916 In
352 3869 499 3921 testimonio
521 3871 597 3922 Coeiii
617 3873 676 3935 iege
692 3871 832 3936 epanaqrri.
873 3871 935 3923 dier·
953 3873 1028 3922 Idem.

303 3941 373 3996 Dec.
904 3955 917 3989 ἢ
937 3943 1060 4008 0.....]
1076 3943 1142 3997 isac
1153 3943 1213 3995 uniti
1227 3943 1315 4008 ignota
1326 3949 1403 3994 nrntr

331 4015 833 4084 vormaornm1¹opm,’opattn,
872 4035 922 4072 ucu
933 4035 990 4073 esre
1002 4029 1090 4072 tumen
1101 4021 1177 4085 hujus
1190 4021 1241 4070 ioci
1258 4027 1317 4070 tuto
1332 4015 1403 4070 nfflr·

304 4085 350 4138 dri
359 4095 404 4142 τοῦ
414 4093 504 4157 ὄρεος,ι
514 4108 529 4143 ι
539 4093 645 4145 moute!
660 4093 726 4146 iude
737 4093 831 4147 Horat.
858 4111 943 4160 ,mure
955 4111 1031 4161 porse
1043 4095 1142 4160 videor,
1151 4095 1218 4146 atad
1228 4093 1403 4158 fragmentum

305 4161 358 4215 Od.
372 4169 412 4218 19.
422 4169 467 4220 lib.
478 4183 512 4220 rr.
527 4169 535 4198 ¹
546 4169 677 4220 Bacchum
688 4170 714 4220 in
727 4171 832 4222 rencs·
871 4173 935 4223 iliud
952 4173 1093 4238 pertinere,
1109 4169 1175 4238 quod
1187 4177 1245 4236 poet
1258 4171 1323 4220 Oreo
1333 4169 1402 4236 pori·

303 4239 418 4312 emmim
426 4244 531 4307 rupibus
538 4243 599 4294 vult
607 4243 764 4298 docentem’
779 4246 832 4298 Ubi
871 4257 928 4300 unm
939 4257 987 4308 ert,
1061 4249 1237 4300 ..minuata
1253 4243 1337 4296 Idem.
