3208 4938
315 401 380 469 etti
660 415 774 464 suxrr
801 415 954 464 nouauit
980 415 1084 465 resur

315 560 521 643 seliquastra
543 559 661 624 sedilia
680 560 816 642 antiqui
836 559 965 641 generis
991 559 1216 644 appellantur,
1233 559 1266 624 D
1289 557 1413 637 [Fusa.

357 662 453 725 litera
464 661 498 723 iu
512 660 541 724 L
555 680 729 738 conversa,
744 669 781 725 ut
801 661 903 725 etiam
917 661 953 724 iu
968 661 1053 726 sulla
1066 660 1192 726 factum
1209 667 1272 740 eat,
1288 671 1324 725 et
1335 661 1415 725 sub·

358 762 466 839 sellio,
481 768 515 825 et
527 761 626 837 solio,
642 781 719 844 quae
734 745 801 826 uon
816 761 1118 827 minusasedeudo
1132 763 1328 828 dictasunt.

315 863 416 929 Sellae
432 862 583 928 curulis⁰
605 862 702 928 locus
716 862 750 924 in
770 862 849 926 circo
863 861 956 926 datur
968 875 1013 928 est
1033 861 1153 928 Valerio
1168 861 1316 928 dictatori
1332 881 1417 945 pos-

359 967 506 1049 terisque
517 966 607 1050 ejtts'¹
625 962 748 1028 bonoria
767 985 873 1042 causa,
888 974 923 1028 at
933 967 1088 1048 proxime
1104 966 1266 1031 sacellum
1282 961 1417 1029 Murcia

357 1076 538 1150 spectarent,
548 1065 629 1129 unde
643 1065 844 1150 aspiciebant
856 1065 1047 1150 spectacula
1061 1067 1274 1154 magistratus.

304 1168 519 1248 'Sementiua
533 1170 651 1234 leriae¹>
672 1169 801 1233 inerunt
815 1168 991 1247 institutae,
1011 1170 1110 1252 quasi
1132 1189 1177 1233 ex
1199 1169 1243 1232 iis
1279 1161 1417 1251 [Pau'n.

357 1271 468 1352 fruges
482 1271 700 1353 grandescere
715 1272 888 1354 possint¹²

316 1373 438 1450 Samis,
453 1373 649 1450 semodius‚‘¹
671 1374 840 1438 semuncia
865 1392 910 1438 ex
935 1371 1059 1437 Graeco
1080 1371 1267 1448 trahuntur,
1289 1368 1417 1452 [Fusa.

360 1476 447 1539 sicut
460 1483 497 1539 et
510 1476 579 1540 alia
593 1475 766 1554 nonnulla,
782 1495 857 1558 quae
871 1475 895 1540 S
919 1475 1047 1540 literam
1064 1495 1126 1558 pro
1141 1473 1343 1556 aspiratione
1356 1489 1416 1534 eo·

776 1687 956 1708 nanneno

318 1883 336 1896 Ν
351 1823 379 1934 iti
398 1818 445 1868 Eri.
457 1819 729 1933 Seeainoateriurque
740 1818 875 1881 ‹jul—ra
892 1819 939 1868 Vir
950 1818 1019 1868 doct.
1030 1817 1055 1865 in
1068 1831 1149 1880 marg.
1161 1815 1277 1880 ejuadmn
1294 1813 1337 1865 eti.
1355 1827 1418 1864 aon·

313 1897 362 1947 Jter
384 1897 487 1946 ροωιπ.

812 2027 917 2081 NOTAE

349 2141 448 2190 ’Μαι
470 2141 572 2204 ruralia]
599 2141 665 2190 liae
691 2141 845 2206 ignoramus.
887 2141 989 2193 Poeta:
1009 2140 1124 2191 dictatur
1139 2136 1422 2198 ubieurraruiualdet‚

318 2217 454 2278 Atridas.
887 2217 1038 2281 pervehitur
1049 2230 1130 2280 uaquo
1141 2214 1173 2262 ad
1184 2213 1318 2276 oppidum.
1352 2213 1419 2262 luti·

351 2292 432 2356 Setia]
449 2291 531 2340 Puto:
554 2288 626 2340 Selia
645 2292 722 2342 carati
739 2293 804 2342 taem
820 2292 847 2342 ia
887 2293 1045 2343 moacireua
1061 2291 1094 2341 ad
1108 2291 1234 2340 Martiam
1252 2299 1371 2350 vocatur,
1389 2297 1420 2338 ut

316 2368 389 2428 circo,
409 2371 468 2417 item
481 2368 590 2431 proxim
607 2367 695 2432 betam,
710 2367 848 2430 micauri-
886 2367 1014 2418 Procilius
1034 2366 1130 2421 aiebat,
1142 2364 1176 2415 ab
1194 2365 1291 2423 urcaia;
1311 2363 1379 2428 quoti
1396 2364 1420 2412 ia

318 2442 765 2506 baaqueiictoribuaproairaeauceilam
777 2443 847 2490 Mar·
886 2445 959 2494 locut
975 2451 1046 2492 errat
1062 2443 1132 2492 iuter
1152 2439 1254 2504 figulos.
1288 2439 1342 2490 Alii
1361 2453 1421 2489 arae

317 2517 847 2580 aioesuit‚deqaolocodeapirieiaatapecta·
886 2519 977 2570 dieunt
998 2534 1012 2568 a
1029 2525 1142 2568 murteto
1160 2517 1328 2576 declinatum,
1348 2515 1420 2580 qaod

317 2593 544 2654 mammae.
578 2592 671 2656 Neque
688 2591 848 2642 idabirorrat
887 2593 1063 2646 lblldiuarlt.
1095 2593 1319 2657 Cujuaaaatigium
1329 2601 1421 2644 manat

318 2667 532 2717 acouauetudlna
542 2667 667 2728 Romana,
676 2675 705 2716 ut
713 2667 847 2730 magiatra·
888 2671 956 2736 quod
975 2672 1010 2720 ibi
1026 2670 1155 2719 Sacellum
1171 2669 1249 2718 etiarn
1265 2683 1334 2717 nunc
1345 2667 1421 2718 Mur-

318 2749 361 2790 tua
371 2741 398 2790 iu
416 2743 480 2790 aella
496 2741 580 2790 curuli
596 2741 639 2805 qul
656 2741 730 2790 ludoa
745 2741 847 2802 aderat,
888 2747 931 2796 aia
943 2745 1072 2796 vacariu'
1103 2744 1154 2794 Ubi
1164 2741 1305 2793 notandum
1316 2757 1421 2794 aaran„

317 2824 364 2866 aut
375 2817 440 2866 aliua
449 2815 542 2880 qrrivia,
554 2815 586 2864 ad
598 2817 693 2879 primaa
704 2825 786 2866 metat
795 2825 847 2866 ata·
888 2821 959 2870 illurn
971 2834 1048 2884 quem
1064 2820 1149 2870 Varro
1161 2817 1267 2868 adducit
1279 2831 1312 2866 aa
1323 2816 1420 2880 Poiita,

319 2899 368 2941 rat.
395 2892 462 2942 Nam
474 2891 506 2941 ad
515 2905 560 2940 ear
572 2893 635 2941 Deua
647 2893 754 2942 Murcia
766 2893 848 2942 racel·
888 2894 1196 2950 airaillela'aviumlva
1213 2891 1313 2942 Ennium
1329 2893 1420 2951 aima

318 2965 706 3017 lumirrisaeait'iertuiiianua.
734 2969 847 3018 Nouim·
888 2969 968 3020 bocca
987 2970 1057 3019 litati
1074 2970 1133 3018 laco
1149 2967 1260 3018 iortaaaa
1276 2967 1359 3016 lucem
1375 2982 1421 3017 ea·

318 3041 401 3105 probo
414 3050 510 3106 umen,
530 3041 562 3091 ad
579 3043 702 3092 aaeeiiuru
714 3043 849 3092 Mercurii.
888 3057 966 3109 perat
988 3059 1035 3107 per
1052 3045 1215 3094 Dictaturam
1230 3043 1298 3091 enim
1318 3043 1420 3092 Valeri·

319 3119 389 3167 Nam
413 3127 440 3168 et
461 3117 494 3168 ad
516 3118 613 3168 circum
638 3119 776 3168 maximum
797 3116 849 3170 fuit
889 3119 1353 3184 umintelliglapereurruut,aeliam
1366 3119 1421 3170 Ca·

320 3194 390 3242 aeder
401 3195 456 3255 ajua
468 3193 528 3242 Dei.
544 3195 597 3242 Joa.
609 3192 674 3244 neat.
889 3195 989 3246 roland
1007 3197 1071 3247 Dae.

351 3267 421 3316 Salia
437 3269 539 3331 carralia]
553 3269 628 3318 idern
646 3269 733 3318 Livius
751 3269 797 3319 lib.
818 3282 848 3318 tt·
921 3277 934 3312 l
951 3270 1096 3322 Scantiae
1106 3269 1192 3333 saria]
1208 3268 1374 3332 Conceptivoe
1389 3285 1422 3320 e·

318 3341 458 3397 ‘Valerio'
469 3341 560 3407 inquit,
575 3344 711 3393 ‘dictatori
722 3357 799 3406 auper
809 3358 848 3394 au·
889 3353 957 3409 rant,
976 3361 1027 3396 uun
1047 3356 1134 3397 atate.
1165 3346 1241 3396 Vara.
1249 3345 1293 3396 lib.
1305 3359 1333 3396 r.
1352 3348 1421 3396 ‘Sa-

319 3420 379 3469 litoa
390 3421 499 3469 honorat
514 3421 586 3470 locua
602 3420 629 3470 iu
642 3420 719 3470 Circo
731 3420 778 3483 ipai
791 3435 848 3482 poa·
888 3423 1010 3472 arentinae
1023 3421 1107 3484 teria,
1120 3420 1175 3471 diaa
1191 3421 1268 3486 iaqui
1280 3437 1296 3470 a
1309 3421 1422 3473 Pontifi-

320 3496 435 3560 teriaque
448 3497 480 3546 ad
492 3497 668 3559 apeetaeulum
681 3495 849 3546 datou'ldeo
888 3497 962 3547 eibua
984 3497 1079 3561 dictur,
1098 3497 1246 3560 appellatur
1262 3511 1278 3544 a
1293 3506 1421 3560 amenta,

320 3569 849 3634 autemproximeaaeeilumilttrcia‚qrria
888 3571 1420 3637 quodaatloalacauaaauacaptn'Dicta.

321 3645 386 3696 illud
406 3645 506 3695 eratin
524 3643 610 3700 Circo.
629 3643 673 3694 ubi
690 3644 770 3693 Meta
793 3648 849 3696 aire
888 3647 1007 3698 ,ianuarii
1018 3645 1226 3696 celebrabantur.
1260 3647 1365 3696 Ettunc
1377 3661 1422 3698 aa·

320 3723 455 3786 oppinum.
487 3721 563 3770 Vara.
581 3719 628 3770 lib.
646 3733 688 3771 rr.
709 3719 761 3771 ‘lu
772 3721 848 3771 Circo
889 3737 942 3780 cra,
954 3723 979 3771 iu
997 3721 1053 3772 ada
1068 3721 1188 3783 Telluris,
1203 3721 1301 3772 Telluri
1319 3721 1421 3774 fiebant

320 3798 404 3861 primo
432 3795 499 3846 auda
525 3796 664 3846 mittuntur
685 3796 756 3861 equi,
780 3811 849 3846 nuno
889 3805 918 3847 et
937 3797 1035 3849 careri.
1077 3795 1145 3846 Vide
1167 3795 1247 3846 Ouid.
1273 3797 1322 3846 lib.
1341 3811 1367 3846 v.
1389 3805 1420 3848 at

320 3871 589 3923 dieanturCarcerea.
609 3871 849 3936 Nariuaoupitlum
889 3873 967 3923 Varr.
989 3873 1022 3922 da
1045 3871 1083 3922 Ro
1105 3872 1180 3924 Ruat.
1201 3872 1248 3924 lib.
1270 3885 1290 3924 r.
1313 3887 1372 3937 cap.
1391 3879 1419 3924 ².

321 3947 446 4011 appellat.
478 3946 604 3996 Carceraa
621 3943 849 4010 dictiquudcoiir·
890 3946 966 3997 idem.
1464 3945 1468 3950 '

321 4031 415 4072 cantur
436 4021 507 4085 autri,
523 4035 555 4070 rra
576 4019 637 4070 inde
658 4031 754 4072 exeant
776 4029 847 4072 anta-
921 4021 1421 4086 imminutaqseataaamoutur,

321 4113 397 4162 quara
419 4097 584 4162 magirtratua
607 4097 700 4148 miritr
724 4097 848 4161 oppidum
888 4099 1020 4148 aemuncla
1037 4113 1052 4148 a
1070 4097 1217 4159 Graecia·
1233 4099 1374 4162 ducuntur,
1389 4111 1421 4150 et

321 4175 390 4237 qaod
406 4190 422 4224 a
437 4176 503 4224 muri
521 4183 596 4239 parta
618 4175 703 4237 plania
722 4175 846 4224 turribua·
888 4187 936 4238 pro
946 4173 1101 4236 aspiratione
1111 4171 1209 4224 habant
1219 4174 1305 4240 S,qua
1316 4176 1419 4226 ratione

322 4263 372 4314 que
384 4263 502 4300 earcerea
518 4250 577 4300 olim
590 4248 704 4302 tuarum.
735 4249 848 4314 Seripait
888 4258 917 4300 et
928 4249 1008 4300 multa
1019 4249 1078 4300 alia.
1095 4247 1171 4298 Idan.
