3136 4934
286 387 352 453 534
637 403 750 452 snxur
776 403 931 451 rourum
956 401 1059 452 susm

335 567 420 632 reges
449 555 479 610 et
503 553 619 628 gentes
648 547 707 631 qui
735 547 832 610 missi
861 555 950 608 crant
975 565 1032 628 pro
1053 542 1210 627 republica
1235 553 1351 607 nostro
1365 562 1387 606 a

333 648 461 732 populo
486 646 643 726 Romano,
663 645 687 709 ii
712 644 861 728 conceptis
879 644 978 708 uerbis
1002 641 1131 709 solerent
1155 643 1226 708 deos
1248 643 1386 731 ipsicius,

332 749 434 824 idest,
456 749 582 813 testari:
605 749 659 833 qui
677 749 719 812 eit
742 755 836 813 ecte:
860 767 920 812 eos
945 747 1051 810 nostri
1077 747 1135 810 alii
1155 766 1216 830 pro
1241 743 1386 828 legetis⁸

334 848 522 934 appellent,⁴
531 857 569 915 ut
584 849 670 915 Ceto
685 850 719 912 in
734 869 786 926 es,
801 867 904 932 quem
917 849 1053 932 scripsit
1063 847 1106 912 de
1121 849 1192 912 suis
1206 847 1387 912 virtutibus

335 957 451 1016 contre
464 951 667 1016 Thermum:
690 951 741 1014 Μ.
770 950 891 1015 Fulvio
915 948 1075 1013 flosculi*
1097 949 1229 1032 legatos
1252 966 1327 1011 sum
1351 947 1388 1024 iu

335 1051 509 1129 AEtoliem‚
534 1057 711 1136 propterea
736 1049 830 1134 quod
855 1071 898 1116 ex
922 1050 1051 1114 AEtolie
1075 1049 1263 1132 complures
1289 1066 1389 1112 vone-

334 1159 411 1220 ruut
439 1152 571 1218 AEtoloe
595 1171 716 1236 pecem
737 1153 843 1218 velle:
867 1151 909 1216 de
937 1171 979 1216 es
1007 1169 1042 1214 re
1070 1157 1217 1216 oretores
1242 1149 1388 1213 Romam

334 1251 524 1336 proiectos:
561 1259 593 1318 et
621 1254 655 1317 in
686 1251 858 1336 Originum
883 1253 968 1318 libro
997 1253 1122 1335 primo:
1160 1251 1300 1334 Propter
1329 1248 1389 1314 id·

334 1354 459 1418 bellum
498 1337 604 1437 eoepit
633 1352 766 1418 Coelius
800 1353 878 1420 PR.
916 1353 1077 1431 Albanus,
1109 1357 1260 1417 oratores
1297 1350 1391 1416 misit

337 1452 495 1532 Romam,
510 1474 600 1520 eum.
643 1493 654 1514 ·
700 1505 708 1520 .
753 1453 833 1520 ulios
854 1475 917 1538 pro
931 1455 1187 1531 decretoribus,¹¹
1208 1456 1247 1516 ut
1263 1452 1392 1516 Teren-

338 1555 430 1621 tius:
453 1562 564 1619 orator
584 1557 684 1620 venio
701 1556 804 1622 lenite
831 1564 991 1622 exoretur
1013 1558 1087 1620 sim.
1132 1555 1221 1620 Item
1242 1561 1276 1618 et
1289 1551 1390 1616 Asse-

338 1656 414 1722 nius
433 1655 475 1720 in.
491 1655 729 1740 Emancipato:
751 1659 793 1722 si.
837 1702 847 1721 .
901 1691 910 1720 ι
965 1704 973 1720 .
1015 1663 1085 1722 tum
1109 1657 1140 1720 si
1164 1655 1254 1739 quod
1276 1655 1394 1720 oritur.

537 1803 544 1818 .
631 1756 711 1822 olias
721 1780 782 1842 pro
796 1757 931 1824 disertis
945 1763 980 1823 et
993 1759 1063 1824 loci
1078 1757 1266 1822 veteribus:
1290 1756 1334 1820 ab
1348 1772 1390 1818 eo

339 1855 431 1936 quod
456 1857 589 1940 antiqui
616 1875 711 1921 orere
727 1856 888 1922 dicebant
910 1878 971 1942 pro
992 1877 1110 1939 egere:
1134 1858 1178 1922 ob
1193 1875 1295 1940 qnam
1311 1874 1391 1922 cuu-

320 1991 323 1997 ·
340 1957 581 2020 camerariorum
596 1977 734 2041 quoque
748 1977 862 2026 corum
875 1965 1044 2026 vocentur.

297 2054 411 2120 Orba’
427 2057 596 2139 significet
609 2058 699 2141 opud
714 2059 835 2142 po'c'tes
849 2061 1014 2144 privatam
1030 2061 1144 2146 eliqua
1158 2079 1230 2143 por-
1253 2057 1391 2141 [Psun.

332 2354 347 2398 8
364 2349 432 2400 Vide
444 2350 536 2402 Notus.

794 2469 901 2521 NOTAE

286 2612 337 2655 *tor
337 2636 418 2658 .....
430 2608 635 2675 lton-..etprc
645 2611 826 2664 umorum·
866 2617 1053 2670 missiRomom.
1078 2619 1393 2686 Sedncnintelligoiltud

298 2680 405 2732 teritur:
424 2683 453 2731 ul
464 2699 490 2733 sc
505 2685 566 2748 quod
582 2687 754 2751 antiquiorem
764 2689 826 2741 dies·
867 2689 923 2742 PR.
935 2693 984 2742 nisi
995 2693 1032 2744 sie
1051 2709 1078 2744 ru
1093 2695 1182 2746 sedem
1198 2711 1268 2746 susm
1280 2699 1395 2752 retrelss·

298 2755 354 2806 bons
371 2774 414 2822 pro
430 2774 516 2822 cgere:
534 2761 563 2810 cl
574 2778 644 2826 quem
658 2779 764 2814 erasm
774 2781 826 2814 crs·
866 2773 924 2815 tur:
936 2767 1031 2816 Bellum
1039 2769 1107 2832 erepit
1118 2771 1394 2833 celiusAllussr,PR.

297 2832 374 2882 tiones
389 2835 578 2885 mummium
592 2853 769 2900 quoqueccnon
784 2856 826 2889 oo·
865 2841 1046 2894 muteresmirsi
1058 2845 1166 2894 Remum.
1194 2845 1287 2909 idest,
1298 2849 1394 2911 populo

297 2912 390 2956 cuntur.
407 2907 544 2959 iusseri.
867 2915 985 2968 Rorosnc
1007 2928 1122 2970 crstores
1150 2923 1228 2972 missi.
1260 2923 1311 2972 Vel
1338 2925 1402 2978 siet.

333 2982 460 3043 Oratores]
474 2983 507 3031 lu
525 2986 660 3046 postremis
678 2986 728 3037 illis
744 2989 827 3050 quirit
867 2991 964 3041 Bellum
981 2995 1052 3058 coeps't
1068 2995 1163 3046 Coelius.
1180 2997 1214 3046 P.
1235 2997 1268 3046 R·
1291 2993 1401 3048 Artanes·

298 3059 350 3102 cete
369 3053 510 3106 euodsndis
527 3055 622 3109 frustra
643 3075 685 3112 me
708 3067 826 3127 torqueo.
866 3071 971 3116 emtores
993 3067 1058 3118 ηιίιίε
1080 3069 1187 3120 Romam
1216 3071 1279 3135 Pro,
1301 3071 1400 3122 Albeui

299 3129 366 3180 Ques
380 3137 523 3193 sequuntur
539 3147 578 3182 eos
588 3137 664 3185 rostri
677 3135 716 3187 sic
727 3140 826 3201 optimo
869 3139 994 3191 Oratores
1013 3145 1138 3195 miseruut
1159 3147 1256 3210 populo
1274 3149 1400 3199 Romano.

298 3205 368 3256 Scsl.
392 3206 645 3262 Ecsscstrioliesl'c.
659 3213 826 3277 Itomiegutos
866 3215 943 3266 Iden.
1395 3281 1398 3288 Ι

298 3281 425 3344 appellunt.
442 3282 510 3334 Due.
898 3295 912 3322 ¹
928 3291 992 3340 Eum
1008 3326 1054 3344 ...
1070 3307 1114 3356 pro
1133 3295 1301 3360 decretoribus]
1331 3297 1394 3362 Lep.

331 3357 340 3390 t
356 3357 442 3406 Fuluio
455 3359 561 3426 Contuli]
578 3361 644 3414 Haeo
651 3365 756 3415 cetenis
770 3379 825 3414 rer·
867 3365 928 3415 Item
939 3371 1302 3434 matoresprcdcprerctcrilss.
1329 3373 1397 3422 Nem

299 3431 679 3496 bsuouegeutemeudstione.
708 3439 826 3502 Legebat
867 3453 900 3489 ex
927 3441 1009 3504 primo
1035 3458 1122 3494 errore
1151 3445 1234 3496 lebeus
1258 3449 1399 3498 contraxit.

300 3513 386 3558 temen
405 3509 536 3575 Scaliger:
561 3513 600 3562 M.
620 3514 705 3563 Fuluio
729 3515 827 3564 Comeli
868 3514 918 3564 Sed
931 3518 1002 3566 locus
1010 3519 1117 3570 Terent.
1126 3530 1166 3572 est
1177 3537 1209 3570 ex
1220 3521 1397 3586 Ptheeyr.

299 3583 391 3646 legum
400 3586 486 3636 missus
495 3603 546 3638 rsus
557 3589 582 3638 is
591 3589 714 3652 AEtcliuoe
721 3593 761 3653 ise.
788 3592 826 3641 M.
866 3591 875 3618 ‘
889 3590 986 3641 Orstor
996 3593 1029 3642 sd
1042 3609 1086 3644 vor
1098 3597 1172 3645 venio
1184 3608 1276 3647 crustu
1294 3599 1397 3664 prologi

301 3659 409 3711 Porcius
434 3663 499 3712 Csto
526 3663 674 3726 Censorius,
690 3671 826 3730 postquem
866 3665 949 3716 Sinite
958 3680 1080 3718 exorator
1090 3679 1119 3719 ut
1131 3669 1198 3721 sim.'
1215 3672 1290 3721 Idem.

300 3737 397 3799 optime
410 3737 495 3787 Acilio
510 3739 643 3788 Glabrioni
659 3739 692 3789 sd
706 3741 826 3791 Thermo·
899 3749 910 3784 t
928 3741 1004 3804 Orio]
1019 3744 1108 3794 Ortum
1119 3743 1278 3796 Glossarium
1289 3751 1399 3811 exponit

300 3811 374 3874 pylss
395 3820 517 3862 neresset
537 3828 651 3876 opertus,
673 3816 713 3866 Μ.
735 3817 827 3868 Fulvio
868 3817 1002 3883 ἐπίκληρον.
1023 3821 1289 3881 Eleganterestenim
1299 3823 1397 3885 ἐπίκλη-

300 3887 827 3954 Nobilicri,cuiAEtolicombeltnm,quod
867 3911 916 3956 pos,
935 3909 992 3958 quae
1012 3901 1112 3958 petrem
1129 3903 1158 3946 et
1173 3903 1281 3946 snstrem
1301 3898 1396 3961 ambit,

300 3959 434 4021 syriscum
452 3961 567 4025 excepit,
579 3959 762 4012 descenderem
773 3961 828 4014 tise-
868 3969 1000 4032 nullosque
1010 3967 1105 4018 t'rrtres
1116 3969 1196 4019 hebet
1204 3973 1357 4034 superstites
1369 3979 1398 4021 et

301 4041 352 4092 ret,
362 4035 461 4098 legetur
472 4043 513 4086 cst
525 4037 625 4085 missus.
645 4035 721 4086 licus.
868 4041 906 4091 sic
917 4043 943 4090 in
952 4041 1208 4092 totrmlrereditstem
1218 4053 1334 4094 vocatur.
1349 4045 1400 4118 On·

335 4114 346 4138 ⁰
363 4109 466 4172 Propter
473 4111 510 4174 id]
519 4111 587 4163 Soet.
599 4111 829 4174 Propterr'lleilum
869 4115 985 4166 bisutem
993 4123 1044 4165 tsm
1053 4124 1175 4179 parentes
1183 4118 1227 4182 qui
1235 4115 1310 4184 lilios,
1318 4133 1395 4184 quem

302 4181 371 4246 rupit
389 4183 476 4236 Cetius
497 4187 555 4237 PR.
579 4187 692 4240 murus.
715 4189 829 4241 Ormcrm
868 4189 914 4241 tilii
936 4191 979 4256 qui
1007 4198 1129 4255 petentes
1156 4193 1306 4251 emiserunt,
1332 4193 1397 4245 dicti
