3190 4940
334 403 399 468 900
667 417 780 473 snxrr
805 419 958 468 norrun
983 419 1089 469 rusrr

379 563 505 647 cipiant
528 562 686 628 custodes
711 563 873 646 cujusque
897 563 1065 645 corporis:
1104 560 1251 628 undeet
1275 561 1425 646 stipam}

377 671 468 747 qua²
493 663 662 746 amphorae
692 683 769 726 cum
783 669 998 728 exstruuntur
1021 663 1141 728 firmari
1167 661 1299 728 solent:
1322 667 1423 730 etiam

376 765 519 847 stipites,
534 765 591 848 qui
605 764 649 828 ob
664 762 798 827 eandem
813 783 948 829 causam
964 761 1229 830 destituantur·³¹

332 866 534 948 Stipatores,
545 865 579 927 id
593 871 657 939 est,
672 865 829 928 custodes
843 867 1006 949 cujusque
1018 867 1177 948 corporis,
1190 866 1273 930 dicti
1288 865 1424 948 [Paua.

374 973 451 1030 sunt
464 985 485 1030 a
499 968 598 1048 stipe,
614 985 716 1049 quam
729 967 943 1048 accipiebant
956 967 1120 1031 mercedis
1135 969 1278 1032 nomine.

330 1067 531 1151 Stipatores,
551 1069 700 1150 corporis
716 1067 882 1148 custodes,
898 1087 983 1151 quos
998 1068 1125 1152 antiqui
1146 1069 1292 1132 latrones
1318 1085 1423 1132 voca·

373 1170 465 1245 bant,
481 1169 596 1251 stipati
609 1170 697 1240 enim
712 1169 797 1232 serro
811 1169 1005 1234 circundant
1018 1187 1161 1252 corpora
1174 1189 1297 1252 regum.

332 1265 517 1351 Stipatores
547 1266 796 1351 appellabantur
820 1270 955 1353 corpora
985 1271 1154 1346 custodes,
1181 1289 1268 1352 quos
1292 1269 1419 1353 [Fnsr.

371 1368 495 1453 antiqui
508 1367 640 1432 latrones
654 1368 810 1446 dicebaut,
829 1371 863 1434 id
879 1377 941 1447 est,
956 1370 1159 1434 mercenarios
1173 1370 1227 1454 pai
1241 1389 1310 1432 cam
1333 1370 1420 1433 i'erro

370 1469 461 1534 vetat
475 1468 695 1532 circundabaat
711 1490 821 1551 regum
838 1490 981 1554 corpora.

287 1639 293 1652 ‚
327 1570 487 1653 Stipemm
502 1591 577 1634 esse
603 1573 962 1652 nummumsiguatum‚
982 1569 1173 1634 testimonio
1201 1561 1255 1634 est
1279 1569 1419 1652 [Paua.

367 1671 419 1756 (et
444 1671 478 1734 id
494 1671 583 1754 quod
598 1671 935 1752 datur⁴stipendium
956 1669 1067 1746 militi,
1082 1678 1116 1734 et
1138 1689 1213 1734 cum
1237 1669 1418 1752 spondetur

368 1773 522 1854 pecunia,
538 1771 628 1852 quod
644 1771 797 1852 stipulari
812 1769 944 1834 dicitur.

326 1870 443 1954 Stipem
457 1869 598 1932 dicebant
608 1872 779 1952 pecuniam
796 1871 970 1952 signatam,
986 1869 1068 1954 qaod
1083 1869 1273 1954 stiparetur:
1289 1867 1416 1953 [Fusr.

366 1973 443 2034 ideo
460 1965 614 2053 stipulari
628 1967 742 2032 dicitur
756 1971 792 2051 is,
807 1970 861 2055 qai
872 1970 1087 2052 interrogatas
1101 1969 1227 2053 sponda
1241 1969 1365 2053 stapam,
1381 1968 1417 2031 id

364 2082 419 2148 esi,
437 2091 497 2151 as..

321 2173 460 2256 Stipes,¹²
473 2172 571 2236 iustis
586 2177 679 2235 terrae
695 2169 837 2233 defixus.
1276 2169 1414 2253 [Paua.

779 2329 960 2350 uenenum

349 2453 366 2496 s
381 2448 444 2506 ,Vet
457 2447 515 2498 eod.
527 2450 653 2510 quaa-s
672 2446 719 2494 Vir
730 2445 799 2494 duct.
811 2445 837 2493 tn
847 2459 925 2507 scorp.
938 2445 978 2494 ed.
989 2445 1057 2494 sest.
1069 2445 1176 2508 conjicit
1186 2443 1360 2496 mstitirastsr
1370 2447 1413 2496 set

317 2512 475 2563 aeatmrrsr.
509 2511 576 2560 Vide
589 2511 652 2561 Not.
664 2509 756 2561 tut-s
774 2509 832 2558 Vei.
842 2509 899 2559 aod.
911 2511 1070 2572 etdseoqttae
1080 2511 1161 2559 datar.

809 2699 914 2754 NOTAE

348 2813 476 2877 kartae]
488 2816 540 2864 Pro
549 2821 651 2878 stupeis,
662 2822 689 2864 ut
699 2827 787 2878 suprs.
805 2812 841 2863 At
881 2813 989 2874 dictum,
1001 2812 1068 2877 quod
1080 2827 1116 2862 ses
1127 2825 1228 2876 quoque
1237 2813 1330 2876 stipem
1340 2815 1409 2866 diee-

314 2889 461 2939 dormitavit
481 2893 519 2939 vir
536 2904 648 2940 summus
664 2905 723 2940 eum
739 2890 841 2953 scripsit
880 2888 953 2938 baut.
987 2891 1053 2938 Naar
1071 2887 1141 2956 qaod
1154 2901 1225 2937 ssses
1237 2889 1310 2938 iibrsr
1323 2891 1409 2952 ponda

313 2964 356 3012 bie
368 2965 461 3026 stipam
478 2979 535 3013 esse
553 2979 656 3014 artacem
676 2979 720 3014 seu
739 2965 841 3028 patibu-
878 2971 964 3025 erent,
983 2965 1025 3027 qui
1045 2971 1203 3026 acceperant
1221 2963 1343 3026 urrjorern
1360 2979 1409 3012 uu·

313 3038 366 3087 tum
385 3040 427 3088 cni
447 3041 561 3103 sagittam
581 3039 715 3102 imponunt
737 3041 839 3102 plustre.
878 3053 986 3102 uterum,
997 3055 1047 3088 aaa
1062 3039 1087 3088 tu
1100 3053 1160 3088 ares
1171 3041 1310 3103 ponebant,
1321 3041 1367 3088 sed
1381 3043 1409 3090 iu

314 3113 390 3163 Otrod
404 3113 593 3163 Groecirocaut
604 3113 735 3171 Κύναιθον.
747 3113 821 3164 idem.
877 3113 962 3177 eiiqus
981 3114 1047 3162 colis
1065 3115 1209 3175 stipabant,
1223 3113 1249 3162 id
1269 3121 1319 3170 est,
1336 3129 1407 3164 corn·

346 3186 352 3219 ¹
368 3187 550 3251 Destitsartsr]
568 3191 627 3238 Nou
639 3191 712 3238 video
726 3190 773 3239 eur
790 3191 839 3239 siri
876 3189 1017 3252 ponebant,
1027 3203 1078 3252 qao
1092 3188 1174 3237 miuus
1188 3190 1240 3238 teet
1257 3199 1408 3252 oocuparet.

312 3261 384 3311 docti
403 3265 583 3325 rescripserint
597 3267 779 3326 cantarentur,
797 3267 837 3314 ret
878 3262 1034 3326 Astipeudo
1044 3265 1137 3326 stipem
1149 3263 1235 3312 dicere
1250 3267 1406 3326 caeperunt:

311 3335 472 3384 destinastis.
504 3337 647 3399 Eleganter
668 3339 736 3387 esim
757 3340 837 3388 Vete-
878 3329 913 3387 Et
931 3351 1010 3386 mox:
1026 3337 1080 3388 ‘Et
1097 3339 1142 3402 qui
1162 3338 1295 3400 pecuuisrn
1315 3339 1407 3402 siitgat

311 3423 352 3458 res
381 3409 504 3459 dicebant
530 3410 694 3471 destitutum,
716 3412 838 3462 defixum.
877 3411 994 3474 stipulati
1011 3417 1039 3460 et
1057 3410 1219 3473 restipulari!
1250 3411 1304 3460 Sed
1316 3412 1350 3461 de
1360 3415 1406 3462 sti·

310 3484 354 3534 Sic
365 3483 565 3535 centenaria
574 3487 688 3535 oratioue
696 3486 728 3534 de
739 3485 836 3548 tegibus
872 3487 954 3548 potari
970 3485 1043 3534 matti
1062 3486 1225 3541 dissentiunt.
1241 3499 1348 3550 quartur
1361 3488 1406 3536 stit

310 3561 477 3623 promulgatis
488 3574 548 3608 usus
559 3565 599 3607 est
610 3573 641 3607 eo
653 3559 732 3607 rerba
749 3560 775 3607 iu
792 3572 834 3608 eo·
875 3573 892 3608 s
912 3559 1036 3608 firmitate
1054 3561 1164 3622 stipsiasi
1184 3559 1281 3609 dietum
1303 3562 1404 3615 rotsut,

310 3635 368 3683 deur
379 3634 598 3698 significatarum
609 3633 704 3698 iuquit:
715 3633 835 3684 ‘Idcirco
875 3633 944 3698 quod
958 3634 1068 3682 Veteres
1080 3633 1180 3696 finssar
1194 3633 1314 3682 dicebaut
1325 3634 1404 3695 stipu-

310 3711 383 3771 psius
403 3709 544 3758 destitutus
564 3716 605 3758 est
628 3709 653 3757 iu
672 3707 737 3765 toro,
753 3723 835 3773 eoque
875 3708 932 3756 isus.
950 3707 1072 3756 Aiiirute
1084 3714 1172 3756 ustum
1184 3707 1405 3770 uerbumdicuut,

309 3787 437 3836 sdductus
459 3800 511 3836 suae
532 3785 645 3834 civitatis
662 3785 833 3834 nobitissimus
874 3781 1402 3846 ssrtputsseilicet,quieturontractibus

309 3859 384 3908 bomo
406 3861 444 3908 Μ.
464 3860 581 3908 Mariuss
604 3859 767 3908 Vestimenta
789 3858 834 3908 de·
875 3857 981 3920 agrariis
998 3858 1120 3919 stipulum
1132 3857 1266 3918 teuebsut,
1284 3873 1342 3920 quae
1360 3867 1401 3906 to-

308 3939 396 3983 trscts
412 3942 480 3996 stant,
500 3935 579 3997 virgis
600 3949 682 3984 cesus
701 3934 758 3984 est!
800 3935 834 3985 tat
874 3938 928 3981 tum
941 3947 1030 3995 ugrum
1043 3939 1253 3995 representaret.
1276 3933 1342 3984 Qnae
1352 3935 1402 3984 mi·

309 4005 408 4056 Varro:
426 4007 468 4055 ‘Si
478 4021 564 4055 earum
577 4008 645 4055 coiis
656 4007 682 4071 in
693 4006 778 4057 fureas
789 4007 833 4058 de·
845 3995 849 4002 ’
873 4007 899 4057 bt
910 4009 995 4070 potior
1005 4008 1143 4058 sententis.
1163 4009 1237 4059 Idem

307 4081 413 4129 stitutus
429 4077 579 4130 incluserit.¹
598 4082 674 4129 [aas.
905 4090 917 4116 ¹¹
933 4082 1025 4146 Stipes]
1042 4084 1128 4131 iiiuttu
1144 4083 1232 4132 omisit
1248 4082 1353 4143 Paulus,
1370 4089 1401 4132 nt

340 4162 358 4186 ¹¹²
375 4155 478 4220 stipem]
490 4157 564 4206 Varr.
575 4157 619 4206 tib.
631 4168 672 4204 rr.
680 4153 712 4202 de
724 4155 753 4205 L.
763 4157 792 4204 L.
805 4158 830 4206 iu
871 4171 904 4208 ex
914 4158 985 4209 Festi
1002 4157 1115 4222 reliquiis
1127 4163 1244 4221 sppsret.
1261 4155 1321 4206 Ast.
1332 4158 1399 4218 Arg.

312 4224 376 4276 fine:
393 4229 468 4279 ‘Hoc
481 4230 726 4294 ipsumstipeudiuur
738 4247 752 4281 e
762 4233 829 4296 stipe
