3146 4932
288 433 338 479 nn
361 429 568 480 vuasonurr
592 431 897 482 sruurrrurrrouu
921 433 994 486 nin.
1016 433 1089 484 xrr.
1187 421 1251 487 499
1340 390 1345 400 ’

201 595 280 642 esse
292 574 447 658 presentis
460 573 614 659 temporis,
630 587 659 639 et
671 596 795 659 prorem
810 573 951 640 alienum
963 595 1098 643 numero
1111 578 1249 658 fuerunt,

203 675 288 762 qrrod
309 673 345 737 de
364 675 521 759 preterito
551 687 728 759 usurpatur,
756 677 818 740 siue
840 696 880 741 οο
906 677 1020 742 ordine
1057 691 1249 764 usurparunt

205 776 327 861 antiqui
350 773 486 861 qaudam
509 779 732 842 cousuetudine
754 778 1000 863 loquendique
1024 776 1163 842 solebant
1173 801 1248 864 pro·

192 875 287 962 sem
298 878 393 940 verbu
407 877 571 961 ejusmodi
587 897 597 958 3
613 879 683 942 sive
698 877 852 961 certufiue
865 887 1067 942 extremarum
1082 877 1248 956 vocatum,

204 978 481 1062 quemadmodum
508 978 629 1042 uidetur
661 979 693 1043 iu
728 981 792 1044 suis
812 979 934 1064 scriptis
956 1001 1036 1044 usus
1063 979 1250 1064 Pompeius

193 1079 331 1158 ‘Sextum
365 1077 451 1163 apud
474 1099 559 1164 quem
589 1078 741 1162 reperitur
774 1089 911 1144 extrema
946 1082 1077 1164 syllaba
1106 1081 1251 1146 vocativi

201 1201 287 1243 casus
292 1179 456 1265 prodam,
467 1191 498 1243 et
507 1181 639 1264 ejsudem
653 1201 755 1246 casus
768 1182 885 1247 eadem
898 1193 1056 1265 coneptu,
1069 1183 1250 1245 terminata·

203 1301 261 1366 que
276 1279 309 1344 iu
324 1301 343 1344 ο
363 1283 522 1365 temporis
538 1283 724 1366 praesentis.
770 1279 905 1345 Numero
925 1291 1027 1344 aretem
1041 1280 1151 1344 dixisse
1165 1283 1252 1347 anti·

202 1403 291 1464 qnos
312 1384 447 1447 nimium
464 1383 548 1468 quod
570 1381 755 1466 siguificare,
780 1382 825 1444 ait
851 1382 989 1446 Sinnius
1005 1381 1150 1466 Cupito:
1175 1402 1251 1449 esse

202 1483 289 1548 euim
303 1484 351 1548 ita
364 1483 522 1547 locutum.

206 1629 214 1644 .
492 1631 501 1647 .
565 1602 622 1647 um
636 1602 699 1648 vos
714 1585 793 1648 estis
805 1584 949 1648 minime.
1048 1631 1056 1646 .
1143 1633 1151 1648 .
1241 1633 1249 1650 .

205 1680 277 1746 Nisi
288 1701 414 1747 numero
429 1685 633 1767 perbiterint,
653 1685 720 1748 nisi
733 1685 799 1747 cito
802 1727 1251 1750 ......

439 1828 448 1847 .
533 1783 569 1847 id
588 1794 631 1848 est
656 1785 794 1849 nimium
815 1787 845 1849 si
865 1787 946 1864 isso,
962 1787 1019 1869 qui
1045 1803 1176 1862 exeam,
1189 1805 1251 1850 nu·

201 1904 293 1952 mero
319 1885 400 1950 estis
418 1886 549 1959 mortui,
571 1887 634 1950 hoc
656 1887 822 1969 exemplo,
848 1893 884 1952 nt
910 1887 1099 1969 pingeretis,
1125 1885 1159 1949 id
1187 1895 1250 1963 est,

202 2006 260 2050 eur
273 1988 341 2050 cito
354 1989 477 2052 mortui
491 1987 598 2051 estist
623 1987 712 2051 Iteru
727 1987 761 2051 in
778 1987 896 2053 Nelei:
918 1987 1099 2070 Nunquam
1111 2007 1249 2052 numero

202 2087 299 2150 matri
316 2087 479 2152 faciemus
494 2088 597 2152 volui.
642 2087 761 2153 Ῑιιοιιι6
773 2093 835 2165 est,
852 2087 1037 2172 Nunquam
1051 2089 1189 2152 nimium
1200 2088 1250 2152 sa-

202 2188 338 2252 ciemns.
381 2186 485 2270 Apud
495 2187 674 2253 Noevium:
691 2189 865 2254 Neminem
879 2189 959 2266 vidi,
973 2189 1031 2272 qui
1042 2207 1176 2253 numero
1186 2189 1252 2253 sci·

201 2293 264 2366 ret,
280 2289 404 2371 quique
417 2288 493 2365 scit,
504 2289 539 2353 id
556 2299 620 2366 est,
635 2309 737 2372 opus,
753 2289 789 2353 id
805 2297 868 2366 est,
880 2291 1018 2354 nimium
1041 2290 1153 2354 sciret.
1197 2289 1252 2354 An

201 2409 372 2472 panurgus
386 2389 552 2454 Antonius
567 2389 642 2452 haec
658 2391 706 2452 ait
730 2407 865 2452 numero
889 2389 1027 2452 nimium
1044 2390 1142 2454 citui
1167 2391 1254 2454 cele·

207 2491 287 2552 riter
300 2489 452 2554 nimium:
474 2497 512 2554 ut
528 2485 672 2554 Plautus
689 2489 724 2552 in
739 2487 864 2551 Casina
877 2497 909 2552 :tl
932 2487 997 2550 Ere
1013 2489 1079 2552 mi:
1104 2489 1186 2572 qnid
1202 2489 1253 2554 vis

203 2608 281 2653 mea
296 2589 441 2654 ancillet
462 2592 600 2655 nimium
616 2591 744 2673 saepius
759 2608 894 2654 numero
915 2589 1001 2653 dicis
1022 2589 1156 2652 nimium
1173 2591 1253 2659 cito.

203 2689 321 2755 Attius
335 2692 370 2754 in
385 2691 575 2757 OEnoma0:
599 2691 672 2774 Ego
687 2702 726 2756 nt
739 2711 849 2756 essem
864 2690 984 2754 adfinis
1005 2690 1078 2765 tibi,
1091 2708 1156 2751 non
1170 2695 1207 2751 ut
1221 2697 1254 2752 ιο

204 2791 439 2873 extinguerem,
466 2792 575 2856 Tuum
602 2795 674 2876 peti
702 2799 849 2876 gnatam,
878 2809 1014 2854 numero
1037 2795 1069 2854 te
1092 2795 1256 2870 expurgat

204 2893 316 2956 timor.
360 2891 519 2956 Afranius
547 2895 580 2956 in
603 2893 790 2978 Suspecta:
812 2891 880 2956 Per
906 2891 1040 2968 salsum,
1070 2895 1107 2953 et
1135 2890 1196 2953 abs
1223 2895 1255 2952 te

205 2993 368 3056 creditum
389 3013 526 3058 numero
547 2995 657 3058 nimis.
695 2993 861 3060 Celeriter·
901 2989 1058 3055 Caecilius
1083 2991 1116 3053 in
1133 2989 1257 3054 AEthri·

207 3111 272 3155 one
285 3101 305 3153 :¹
327 3093 368 3157 Ei
392 3094 498 3176 perii:
527 3094 606 3178 quid
627 3095 699 3158 itat
721 3113 859 3158 numero
885 3093 985 3168 venit,
1008 3091 1084 3157 fuce
1106 3091 1255 3156 domurn.

194 3387 210 3430 u
227 3382 274 3432 Vir
285 3380 355 3433 duct.
367 3383 393 3433 tn
403 3397 484 3448 marg.
495 3383 537 3434 ed.
549 3383 617 3434 scat.
629 3383 695 3447 conj.
706 3385 733 3434 id
743 3391 787 3436 εει.
809 3347 877 3435 Nida
889 3385 981 3435 Notus·
1068 3405 1069 3408 ¹

658 3545 765 3596 NOTAE

163 3652 270 3715 manui,
283 3653 332 3703 ιιοο
349 3655 468 3717 exempto
485 3661 514 3704 ιι
533 3656 692 3720 pingeretis!
732 3655 792 3705 uitio
803 3655 939 3718 eiprutei.
972 3651 1197 3704 Postremuverbu
1210 3649 1256 3700 At·

165 3727 199 3776 ln
218 3727 359 3790 iprensis,
370 3728 438 3778 Hine
460 3731 589 3792 exemptam
605 3732 692 3792 utpiu-
733 3731 762 3781 tti
781 3734 807 3782 tn
825 3733 950 3782 OEuumw
964 3729 1032 3793 apud
1049 3727 1260 3788 Nouiumleguu·
1366 3789 1369 3796 .

162 3802 263 3862 ‘tretia
279 3803 692 3867 Quoerendumig'rturquomodu
732 3813 782 3856 tur.
828 3807 909 3870 Lege,
934 3810 1000 3855 tuum
1020 3805 1079 3868 petii
1095 3807 1202 3867 pratum,
1218 3802 1258 3862 tre.

163 3877 337 3940 ittuiirtoqra'
345 3892 428 3928 aeusi
444 3879 497 3928 siut
508 3879 691 3929 convertenda.
732 3881 816 3932 Idern.

165 3953 228 4002 Duc.
766 3955 1084 4018 'CaeitiuuisAEttr-iorre]
1101 3953 1259 4003 AEtiriunem

197 4039 209 4072 ι
227 4032 329 4081 Ριοιιιιι
342 4033 369 4080 ιιι
384 4031 483 4094 Casina]
499 4033 630 4082 Locnsert
641 4039 692 4081 ιοι.
735 4031 831 4082 Caecilii
855 4033 944 4082 iaudat
961 4034 1039 4080 eriam
1060 4027 1124 4077 iutra
1146 4029 1172 4076 in
1196 4042 1261 4078 voce

164 4119 209 4156 ιιι.
221 4121 259 4158 ιο.
271 4113 297 4157 u.
315 4109 442 4158 ‘Bromie
456 4108 640 4174 quiriniana:
652 4121 695 4155 uu·
733 4109 881 4158 ‘sentiunt’
912 4107 964 4157 Sed
984 4107 1008 4154 in
1029 4117 1092 4152 voce
1108 4101 1192 4167 ‘ora’
1209 4104 1263 4154 AEr·

165 4183 244 4234 auat
279 4183 395 4234 Nimium
412 4185 497 4234 sevir.
532 4185 647 4234 Numero
657 4183 696 4232 di·
735 4183 874 4234 curionem.
904 4181 1002 4230 Eadem
1014 4185 1101 4227 tumen
1112 4177 1214 4227 videtur
1224 4177 1262 4227 ιι-

167 4260 220 4309 eis!
254 4261 304 4310 Ere
316 4261 439 4324 protere.
462 4261 504 4312 Sia
518 4259 583 4311 iut'ru
594 4275 627 4312 ex
639 4263 695 4312 Cre·
736 4260 806 4322 bula,
817 4273 896 4324 quare
909 4258 1003 4323 ubique
1016 4257 1056 4306 ret
1068 4256 1206 4305 AEsctrtm
1225 4257 1262 4302 te·
