3180 4920
337 413 402 479 706
670 423 785 474 snxrr
811 419 967 470 roururr
992 417 1096 468 rusrr

339 569 495 653 Quinque
510 573 654 650 geuernn
675 566 843 647 signorum
858 559 1039 628 observant
1051 577 1204 644 augures,
1214 579 1260 624 ex
1273 561 1427 638 eoelqex

379 671 510 746 aribus,
524 688 569 733 ex
584 665 749 750 tripudiis,
764 683 810 728 ex
824 660 1110 746 quadrupedibus,
1124 679 1170 726 ex
1184 659 1276 726 diris.

337 771 492 852 Quinque
505 787 621 853 genero
636 764 794 849 signorum
809 760 1011 825 observabunt
1026 779 1168 842 augures
1183 761 1267 843 pub·
1303 759 1426 844 [Fnsr.

288 921 289 925 ,
363 866 456 936 ¹lini:
477 891 514 933 eu
528 867 611 946 culo,
636 887 673 930 eu
695 863 816 942 auibus,
838 883 874 926 es
898 859 1057 945 tripudiis,
1080 878 1126 924 ex
1140 858 1426 945 quadrupedibus

377 991 420 1036 ex
436 970 525 1046 diris,
541 979 577 1034 ut
592 975 636 1033 est
649 968 682 1031 iu
697 962 926 1050 Auguralibus.

336 1067 594 1156 Quinquertium
604 1077 618 1106 ⁰
638 1069 806 1136 vocabant
820 1065 959 1149 antiqui,
972 1082 1072 1146 quem
1090 1062 1205 1128 Graeei
1217 1059 1377 1138 πένταθλον,
1388 1067 1425 1126 ut

269 1191 272 1198 ’
376 1157 505 1236 indicet
520 1189 633 1237 versus
647 1169 722 1236 bio:
745 1165 866 1232 Omnis
882 1164 1023 1248 aequalis
1036 1162 1189 1228 vincebat
1204 1163 1424 1247 quinquertio.

377 1269 496 1338 L'ivius
511 1289 642 1355 quoqne
656 1273 750 1354 ipsos
765 1268 908 1334 utbletas
923 1269 973 1330 sic
995 1265 1164 1330 nominet:
1188 1263 1424 1347 Quinquertio·

376 1391 437 1436 nes
450 1391 563 1456 praeco
578 1373 614 1436 in
627 1371 774 1436 medium
788 1375 900 1434 vocat.
958 1389 960 1394 ·

334 1471 618 1556 Quinquennulesi’
651 1491 784 1535 ceruum
808 1467 1061 1553 appellabantur,
1090 1467 1151 1550 qui
1178 1466 1319 1530 lustrum
1343 1482 1419 1530 cen·

376 1570 480 1634 duent
495 1571 602 1656 quinto
617 1591 736 1657 quoque
748 1590 841 1646 enno,
856 1589 877 1631 n
893 1589 954 1653 quo
968 1567 1120 1632 nominari
1134 1573 1276 1650 eoeptos.

334 1669 588 1755 Quinquertium
597 1672 711 1738 Graeei
721 1673 843 1736 'vocant
855 1666 1017 1745 πένταθλον,
1026 1687 1095 1750 quo
1106 1667 1161 1732 die
1172 1668 1270 1750 quin·
1283 1666 1420 1749 [Petit.

373 1792 439 1854 que
466 1793 587 1855 genero
612 1773 732 1838 artium
760 1770 841 1836 ludo
870 1771 1129 1836 exercebuntur:
1166 1769 1263 1852 ipsos
1291 1784 1421 1850 quoque

376 1872 519 1938 athletas
533 1873 651 1941 Livius
666 1873 941 1962 quinquertiones
957 1869 1117 1956 appellat.

822 2186 930 2238 NOTAE

360 2371 373 2396 '²
386 2364 600 2430 Quinquegenera]
618 2367 659 2414 Ex
677 2368 733 2415 culo
748 2380 853 2418 ¹seruare
893 2363 1019 2427 auguribus
1030 2369 1057 2410 et
1066 2359 1186 2424 piscibus.
1219 2359 1365 2422 Auspicium
1382 2374 1416 2408 ex

329 2438 482 2489 dicebantur
492 2451 610 2500 augum,
618 2453 676 2488 curu
685 2441 751 2488 adsis
758 2449 853 2489 statum
892 2435 1003 2498 fulgure,
1012 2435 1129 2495 fulmine,
1140 2435 1246 2484 tonitru·
1269 2433 1417 2496 Auspicium

328 2513 576 2576 contemptabsutnr,
588 2526 621 2562 su
638 2513 854 2578 aliquid‘infsusti
891 2523 925 2557 ex
935 2509 1104 2570 acuminibus,
1115 2508 1202 2568 idest,
1212 2522 1245 2558 ex
1257 2509 1367 2558 telorum
1378 2522 1419 2557 sn-

328 2590 420 2640 ominis
436 2590 589 2640 oboriretur.
622 2590 664 2638 Es
682 2590 776 2651 caitus,
794 2605 852 2640 curn
891 2581 1265 2646 Ptfflwissfffliwiiildibffl·
1298 2581 1418 2645 Aa'iiiii'

327 2679 415 2714 eorum
429 2671 533 2714 cautum
544 2664 600 2714 sisa
612 2665 723 2714 notatum
733 2665 853 2715 observa·
892 2672 934 2707 ¹¹⁰¹
953 2672 985 2708 0⁸
1006 2657 1170 2721 Ρθῐθῦΰῑῧῑῑῆ
1185 2671 1243 2706 ⁰⁰⁰³
1262 2656 1350 2706 Dum
1361 2656 1417 2704 ⁸¹¹⁸

326 2737 398 2789 bant.
429 2739 603 2802 Eamus,
614 2753 672 2790 cum
689 2737 740 2788 offa
758 2753 792 2790 ει
808 2753 852 2791 οη
890 2732 1060 2794 Magistratus
1077 2745 1165 2781 amnes
1176 2731 1308 2792 auspicato
1319 2738 1416 2779 transe-

326 2812 463 2876 puriorum,
480 2813 535 2874 sive
551 2814 627 2863 alicui
642 2813 713 2878 quid,
732 2814 851 2878 quodue·
891 2815 946 2857 unt·
978 2805 1291 2872 Auspiciunjtrse‚qu⁰d
1303 2806 1418 2868 exJune-

325 2889 407 2936 uituus
426 2886 534 2952 faceret,
547 2888 666 2939 adeost.
699 2889 851 2952 Esqsudn-
890 2888 918 2932 to
925 2883 1055 2946 jumento.
1087 2883 1128 2932 De
1141 2879 1356 2947 quibusom‘nibns
1366 2881 1417 2930 siu·

323 2961 429 3024 pedibus,
448 2977 506 3011 eunt
526 2975 554 3011 se
575 2962 757 3026 quadrupedes
768 2971 851 3014 osteu-
889 2959 996 3022 eulalius
1007 2958 1077 3008 aiibi·
1094 2958 1169 3007 idem·

325 3034 430 3097 debant,
444 3049 502 3097 quse
519 3035 633 3100 auspicia
648 3035 802 3086 dicebantur
810 3053 851 3101 ps-
920 3041 933 3068 ⁰
950 3031 1142 3097 Qnsqumam]
1160 3031 1179 3080 Α
1192 3031 1305 3096 quinque
1316 3031 1416 3083 artibus

325 3107 421 3157 destris.
454 3109 495 3158 Ex
514 3109 663 3170 dicineum
685 3109 735 3160 diri
754 3111 850 3175 aliquid
888 3107 980 3170 quibus
991 3107 1186 3158 exercebantur.
1220 3105 1289 3154 Vide
1311 3107 1415 3156 ‘Pent-

325 3182 476 3245 apparabat,
493 3184 572 3232 ueluti
589 3185 712 3249 strepitus
730 3199 788 3236 curu
799 3185 851 3236 frc-
888 3181 1004 3234 stbtunn.’
1026 3182 1099 3232 iden.

324 3257 402 3305 mita:
420 3264 449 3306 ut
467 3257 535 3320 apud
554 3257 640 3308 Cicer.
658 3257 734 3310 Orat.
751 3259 785 3309 de
805 3262 851 3311 ba·
919 3263 932 3298 ¹²
950 3257 1051 3320 Oresa]
1067 3255 1277 3320 Quinqneunaies
1294 3269 1412 3306 censores

325 3330 454 3393 ruspicnrn
481 3345 595 3395 respons.
614 3334 622 3362 ⁸
640 3333 715 3385 Quod
740 3333 766 3383 in
786 3349 849 3399 agro
887 3332 1095 3396 appellabantur,
1103 3331 1414 3395 quitustrnrueeudebaut

324 3407 465 3456 Latiniensi
475 3407 577 3458 anditns
593 3416 634 3459 est
649 3412 774 3474 strepitus
790 3425 848 3462 curu
886 3407 976 3470 quinio
987 3419 1090 3471 queque
1101 3419 1261 3470 mutuno
1273 3405 1311 3455 iit
1321 3409 1411 3470 appel·

323 3478 437 3542 fremitu,
448 3481 583 3532 exauditus
595 3483 622 3532 in
632 3496 695 3547 egro
706 3485 849 3550 propinquo
886 3481 933 3530 ian
945 3489 1051 3545 coeptos.
1066 3484 1119 3532 Jos.
1129 3481 1193 3531 Seni.

323 3562 351 3605 et
359 3555 506 3618 suburbano
517 3557 750 3621 strepitusquidaur
759 3571 848 3610 recou-
920 3558 1110 3621 Qsisqnessutes
1118 3556 1412 3619 consequentum.

323 3631 392 3680 ditus
402 3639 429 3682 et
444 3631 702 3684 berribiiis·ireruitns
711 3647 847 3698 armorum,
886 3634 910 3680 8.
943 3631 1040 3684 Quinto
1052 3645 1152 3696 quoque
1164 3644 1229 3680 auno
1244 3632 1335 3688 creati,
1351 3634 1412 3698 quis

323 3707 356 3756 de
373 3721 405 3756 aa
423 3720 452 3756 re
468 3707 593 3770 scriptum
612 3713 653 3757 ast
663 3708 847 3772 postulationes
885 3707 987 3771 singulo
1004 3707 1177 3774 quinquennio
1195 3709 1304 3771 populns
1320 3722 1410 3759 cense-

224 3827 229 3834 .
323 3797 380 3832 asse
391 3782 459 3836 dori,
469 3783 589 3838 fldturno,
601 3783 734 3847 Neptuno,
742 3784 848 3848 Telluri,
885 3779 962 3831 batur
979 3793 1007 3832 et
1025 3782 1188 3832 lustrabatur·
1220 3783 1289 3831 Naro
1305 3785 1410 3848 proprie

322 3856 618 3918 Diiscoeiestibus,'&c.
651 3857 846 3910 ltcmcumsic·
884 3856 996 3906 condere
1018 3857 1126 3906 iustrtun
1145 3855 1299 3906 dicebantur
1315 3858 1411 3908 censo·

322 3933 392 3982 timus
403 3945 436 3981 err
448 3932 499 3981 sris
510 3929 652 3996 fugiebant,
664 3933 759 3982 cumin
777 3935 845 3984 extis
884 3943 935 3993 res,
957 3945 1015 3981 cunr
1036 3938 1096 3994 pest
1116 3929 1263 3980 censionem
1285 3934 1407 3995 poputum

322 4019 367 4055 eor
378 4013 423 4056 ant
434 4013 513 4069 caput
523 4007 549 4055 iu
555 4006 671 4069 jecinore
682 4021 732 4057 non
745 4005 845 4065 inisset,
882 4005 1094 4056 suevetsuriltbus
1103 4005 1256 4056 lustrabant.
1271 4007 1341 4056 Vide
1350 4009 1407 4058 Lis.

322 4093 378 4140 quae
408 4081 521 4142 pestifero
553 4081 656 4143 auspicis
683 4081 844 4134 dicebantur.
883 4095 922 4132 vr.
940 4087 965 4134 8.
987 4085 1012 4132 in
1032 4085 1145 4147 quinque
1162 4095 1240 4132 annos
1258 4087 1337 4134 creati
1347 4085 1407 4147 quia

321 4151 389 4200 Vide
405 4155 562 4216 ‘pestifere'
593 4155 676 4204 Fuere
688 4163 715 4206 et
726 4157 776 4206 aiia
787 4173 843 4208 aus·
866 4159 987 4222 'singuiis
1005 4161 1092 4211 lustris
1114 4161 1232 4225 populus·
1244 4161 1406 4212 censebatur.

321 4226 445 4291 picinruur
453 4243 556 4295 genera,
567 4231 647 4282 veluti
658 4232 797 4296 auspicium
809 4247 843 4284 ex
882 4233 945 4284 Dae.
