3194 4942
346 381 392 428 us
419 380 625 431 vnusouou
650 381 960 436 sucurrrosrrous
986 389 1059 438 ιιι.
1084 392 1163 439 xrv.
1230 379 1294 444 otu

246 528 332 600 cent,
347 529 488 602 ostentu,
504 543 580 607 qum
602 527 834 592 tautummodo
850 530 1022 596 ostendant
1037 539 1190 612 monstra,
1205 553 1293 616 prse-

246 623 372 705 oipiaut
387 643 521 707 qnoque
536 626 693 692 remedia.

198 721 363 788 Portenta
376 733 503 788 roruml
517 725 588 790 fieri
604 726 771 805 dicuutur,
783 749 857 794 oum
874 731 973 796 solita
983 731 1009 769 ¹⁴
1024 753 1143 816 corpo-
1159 734 1294 817 [Pseu.

245 843 284 888 ro
297 843 371 889 raro
379 843 417 908 se
428 825 617 907 ostendunt,
623 833 660 892 ut
674 831 994 908 cometae,turbines,
1002 833 1169 914 berstlrru,
1181 853 1292 900 sereno

245 925 438 990 coelossets
452 927 611 992 tonitruo.

198 1025 419 1090 Portisculus
429 1033 454 1075 ¹⁵
477 1033 540 1106 est,
556 1024 615 1112 qud
635 1029 670 1092 iu
684 1037 783 1114 portu
800 1033 934 1098 modum
947 1033 1009 1099 dus
1020 1034 1143 1119 clussi:
1167 1041 1220 1102 ost
1235 1055 1294 1102 nu·

211 1133 309 1196 ,tem
324 1127 478 1191 melleus.

196 1225 429 1292 Portisculusq
450 1237 515 1308 est,
529 1237 570 1294 ut
584 1231 701 1296 scribit
712 1233 825 1298 AElins
840 1233 938 1314 Stilo,
954 1235 1060 1318 quiin
1073 1256 1146 1321 ρα-
1169 1238 1293 1316 [Fusu.

240 1335 277 1391 tu
292 1329 431 1394 modum
447 1331 506 1396 dut
521 1331 639 1398 classi:
662 1333 698 1396 id
712 1342 823 1400 autem
837 1343 890 1401 est
904 1338 1057 1401 malleos.
1102 1339 1208 1424 Cujus
1222 1357 1293 1404 me-

241 1431 336 1494 minis
350 1429 437 1496 Ceto
453 1433 488 1495 in
510 1433 715 1498 dissuasione
738 1435 781 1500 de
802 1455 876 1518 rege
892 1436 1008 1502 Attalo
1025 1444 1061 1503 et
1075 1439 1293 1522 vectigalibus

241 1530 335 1595 Asiae
349 1551 358 1594 s
380 1530 421 1595 G·
435 1531 568 1597 Licinio
585 1533 743 1614 Praetore,
754 1537 894 1618 remiges
908 1538 1025 1622 scripti
1039 1539 1133 1604 cives
1145 1537 1293 1604 Romani

243 1632 305 1696 sub
319 1634 540 1714 portisculum
554 1635 618 1699 sub
631 1635 767 1718 flagrum
783 1638 965 1722 conscripti
979 1641 1108 1704 veniere
1121 1641 1259 1722 possin.

196 1731 384 1797 Porton'ssm
397 1733 424 1775 ¹⁶
444 1735 561 1799 ἀιῗιειιιιι
574 1745 618 1799 est
631 1737 765 1823 uectigal
785 1737 820 1800 id
834 1737 916 1823 quod
928 1739 1059 1804 soluitur
1086 1739 1292 1825 portitoribus

239 1834 296 1919 qui
309 1833 510 1900 conduxerint
524 1835 686 1901 dimidiato
731 1885 739 1900 .
808 1881 816 1898 .
904 1885 913 1904 .
1001 1886 1009 1902 .
1098 1888 1106 1902 .
1197 1889 1203 1901 .
1283 1884 1291 1900 .

243 1982 250 1996 .
337 1983 345 2000 .
434 1939 478 2002 .in
497 1937 708 2024 vectigalibus
732 1949 833 2003 sutem
847 1941 989 2023 portorio
994 1937 1137 2026 fruendo
1153 1941 1292 2009 locuntur

241 2035 362 2101 dusius
422 2083 815 2104 .....
902 2042 1053 2125 ejusque.
1123 2085 1131 2103 .
1206 2091 1215 2106 .
1282 2088 1291 2104 .

241 2145 271 2199 et
287 2134 335 2201 Τι’.
350 2137 569 2204 Coruncanius
585 2137 634 2204 Ti.
652 2135 691 2202 1³.
708 2137 854 2204 Censores
955 2189 963 2204 .

652 2319 832 2341 MWOWO

231 2435 264 2480 lt
279 2431 341 2479 Vct.
363 2430 407 2480 lib.
423 2432 569 2482 sulm-lt
588 2434 649 2485 Vel.
668 2434 714 2485 lib.
740 2437 949 2484 Persicum-ro
966 2433 1111 2482 Pertorism
1131 2434 1230 2497 dictum,
1249 2437 1289 2496 ips.

198 2493 275 2550 Herc,
286 2493 313 2544 iu
325 2494 379 2544 eliis
388 2495 446 2546 edd.
456 2497 640 2564 pretermissa,
650 2513 683 2548 cx
691 2498 801 2548 Schedis
813 2497 905 2547 uddits
916 2503 976 2546 snut
987 2512 1003 2545 s
1013 2497 1081 2547 Duc.

692 2715 799 2768 Nouis

226 2842 368 2892 optineres
377 2841 470 2906 rursm]
482 2845 535 2893 Pro
545 2844 625 2900 mitte,
636 2843 721 2894 diser·
763 2844 832 2894 ribus
845 2842 921 2907 cadi,
931 2841 1026 2893 deinde
1039 2854 1117 2891 numo
1126 2840 1256 2903 sestertio,
1268 2843 1291 2892 st

193 2919 311 2969 rutectis
324 2925 441 2983 sppsset,
452 2921 627 2983 settimmslsz
645 2921 723 2970 ‘cunr
763 2919 851 2969 lterum
869 2925 965 2980 essent,
984 2924 1057 2968 trsns
1072 2915 1183 2966 Tiberim
1202 2914 1291 2966 reulus

195 2997 275 3045 solite
295 3009 406 3060 corpora
428 3009 487 3044 mro
509 3011 537 3046 se
564 2995 723 3052 ostendunt:
763 2994 869 3043 solitos:
886 2993 977 3054 sisere,
994 2991 1039 3056 qut
1055 2987 1140 3054 nstris
1155 2989 1291 3040 cedebas·

195 3071 246 3120 troc
261 3077 311 3127 est,
328 3087 386 3120 sum
406 3085 514 3134 corpora
531 3085 560 3121 ss
575 3073 726 3132 ostendunt,
763 3079 814 3128 tur,
833 3071 853 3120 ii
872 3069 920 3120 sub
940 3083 1069 3133 macone,
1087 3075 1134 3117 sut
1145 3069 1166 3116 si
1181 3067 1291 3131 remiges

196 3159 256 3208 quss
275 3161 332 3196 rsro
354 3161 382 3196 sc
404 3146 542 3196 ostendere
562 3147 639 3196 solits
658 3151 725 3196 sunt.
763 3151 861 3202 esseut,
882 3145 930 3194 sub
951 3144 1093 3208 portisculo
1109 3141 1291 3194 colebantur.

195 3219 275 3271 Idem.
764 3219 1291 3284 Horatiusr‘Sectustlsgsliishiutriuur·

227 3303 239 3338 t
264 3295 425 3358 Portisestss]
451 3297 541 3348 Utitur
567 3297 616 3346 hec
645 3298 724 3349 verbo
765 3297 888 3346 sirslieus
915 3297 1050 3347 Praeconis
1078 3295 1111 3346 sd
1142 3295 1293 3348 tntillum:

195 3371 305 3422 Plautus
316 3375 343 3422 in
355 3374 483 3423 Asinaria.
501 3373 562 3423 Ast.
574 3374 640 3436 Arg.
764 3375 819 3425 ὦσι.
830 3374 894 3424 Seni.
1067 3397 1071 3404 ·

229 3447 389 3510 Portiscstus]
405 3445 523 3497 Glossss:
543 3447 551 3476 ‘
567 3447 724 3512 Portisulns,
798 3449 957 3513 Portissstss]
974 3449 1009 3498 Et
1024 3447 1152 3497 hominem
1166 3453 1194 3497 st
1210 3449 1291 3512 perti·

196 3523 342 3582 mewa-is!
370 3523 724 3587 Quiestpraeeosttmtstu
765 3539 823 3574 csm
834 3539 885 3588 qus
895 3524 917 3572 is
928 3523 1050 3573 utebatur
1065 3522 1203 3585 siguiticst.
1236 3521 1291 3570 No*

194 3612 260 3649 usse
278 3599 449 3663 portisculus:
467 3613 555 3664 proruo
568 3601 723 3650 sudientism
763 3602 835 3650 ulus:
851 3598 1030 3649 ‘Portisculus
1041 3598 1145 3662 propris
1157 3603 1197 3646 est
1207 3596 1291 3644 lrorts·

195 3674 310 3725 iss-lebet
320 3675 347 3723 in
357 3674 515 3738 Comitiis,in
526 3677 606 3725 serris
616 3683 643 3725 ut
651 3689 724 3739 spec-
765 3685 806 3724 tor
827 3675 962 3738 remigum,
985 3675 1034 3722 hoc
1051 3680 1101 3734 set,
1122 3671 1165 3734 qui
1182 3670 1291 3720 eundern

195 3751 287 3800 usculis
308 3748 466 3800 forentium:
494 3751 647 3815 portisculus
671 3765 724 3800 mo·
764 3749 888 3814 perticum
900 3753 983 3810 tenet,
994 3762 1051 3812 qnss
1064 3746 1218 3811 portisculus
1228 3745 1290 3794 dici·

195 3827 257 3875 ilum
268 3826 406 3890 remigibus
418 3825 506 3876 debut.
518 3827 544 3875 iu
557 3825 724 3876 rsrbircsto·
765 3831 817 3886 tur,
827 3839 878 3889 qus
890 3837 1035 3886 excursum,
1052 3832 1080 3873 et
1096 3824 1292 3874 exhortamenta

195 3903 237 3951 nis
248 3902 341 3952 dieitur
351 3901 429 3952 Viros
440 3903 579 3959 Romanos,
591 3903 636 3968 qui
650 3901 723 3952 remi-
763 3899 930 3950 moderatur)
956 3899 999 3949 De
1010 3889 1111 3964 pertice
1121 3899 1206 3946 Plsul.
1216 3896 1291 3944 Asin.

195 3991 240 4042 ges
248 3977 339 4042 scripti
350 3983 490 4042 eruut,per
498 3979 665 4042 portisculum
674 3977 722 4026 sub
763 3983 814 4028 sct.
826 3989 870 4026 ιιι.
881 3989 918 4026 ss.
931 3977 954 4025 l.
970 3975 979 4004 ‘
991 3973 1033 4024 Ad
1044 3970 1199 4036 loquendum
1211 3977 1290 4034 utque

191 4053 276 4120 flsgro
296 4053 414 4103 veniisse.
447 4053 480 4104 In
499 4067 550 4119 qno
570 4059 612 4102 est
625 4053 721 4116 duplex
762 4053 796 4105 sd
819 4052 955 4104 tacendum
980 4055 1036 4100 tute
1061 4046 1140 4096 lrsbes
1165 4047 1289 4110 portiscu-

194 4130 356 4196 suthuitstis
371 4129 459 4180 notio:
477 4145 529 4180 uns
545 4130 615 4179 cives
630 4129 722 4178 noua·
761 4121 831 4178 lum?
865 4131 907 4179 De
918 4125 1021 4177 homine
1038 4121 1234 4173 resuscitent·
1250 4123 1289 4174 iu·

193 4219 239 4256 nes
250 4205 286 4256 ob
297 4205 395 4270 cupitsl
405 4204 542 4256 sdusissurn
553 4205 623 4270 prius
632 4204 721 4258 verbs·
761 4203 808 4254 irs.
824 4203 887 4254 Duc.
