3208 4938
336 397 385 475 bu
409 425 614 478 VBRBORUM
638 425 950 478 stenlrtea'ulortrt
976 431 1047 478 bre.
1070 431 1168 482 xvll.
1234 413 1298 484 833

207 567 397 632 Sceleratus
415 585 554 650 campus
569 569 915 656 appellaturpruximc
928 581 1060 657 portatu
1070 572 1146 638 Oel-
1161 575 1300 658 [Pnuu.

251 667 363 746 linam,
385 671 419 733 in
440 689 508 752 quo
520 669 674 752 Virgines
690 670 861 752 Vestales,
875 694 951 758 qum
967 675 1130 740 incestum
1145 675 1303 754 fecerant,

252 769 338 835 virm
354 771 500 835 defossa·
516 779 604 836 sunt.

173 889 179 902 ·
208 867 397 936 Sceleratus
414 868 530 936 ricus¹
553 872 674 936 Romae
689 873 937 956 appellabatur,
959 877 1049 960 qued
1065 895 1142 942 cum
1157 876 1303 960 il'arqui·

248 973 323 1036 nius
349 973 520 1056 Superbus
543 973 810 1039 interficiendum
833 987 985 1042 curasset
1000 977 1151 1042 Servium
1170 975 1302 1059 stegen

249 1089 405 1146 seuerum
426 1093 534 1152 suum,
549 1093 669 1160 corpus
684 1078 758 1160 ejus
779 1077 899 1160 jacens
923 1077 994 1144 lilla
1015 1085 1172 1161 carpento
1188 1097 1303 1162 super·

250 1187 347 1240 ructu
362 1176 418 1253 sit,
435 1195 618 1259 properans
633 1177 666 1240 in
682 1179 933 1260 possessiouem
949 1180 1068 1244 dumus
1079 1185 1245 1261 paternae.

209 1277 397 1342 Sceleratus
410 1277 495 1340 vicar
506 1275 725 1361 appellabatur
739 1275 856 1355 Roma,
871 1280 965 1361 quod
979 1299 1056 1343 cum
1071 1279 1156 1343 'llar-
1177 1279 1302 1363 [Fesr,

248 1379 384 1460 quintus
409 1379 580 1462 Superbus
607 1377 865 1444 interficiendum
892 1382 1131 1450 carassetSer.
1153 1381 1302 1446 Tullium

250 1479 377 1561 Regem
409 1499 558 1544 socerum
580 1501 679 1558 suum,
704 1501 813 1564 cerpus
833 1482 898 1565 ey'ur
920 1481 1031 1566 jacens
1047 1480 1127 1564 filiu
1153 1489 1302 1565 carpento

247 1587 449 1661 supervecta
463 1587 524 1658 est,
539 1600 715 1664 properans
734 1580 767 1642 in
778 1580 994 1664 passessionem
1009 1583 1127 1646 dumus
1141 1591 1301 1665 pateruae.

207 1679 319 1744 Scene
348 1682 392 1744 ab
415 1682 502 1760 aliis,
526 1701 548 1746 a
566 1680 769 1764 quibusdum
797 1701 921 1747 sacena
946 1683 1138 1768 appelletur
1161 1681 1303 1748 dolabra
1349 1750 1351 1755 s

248 1782 465 1865 pontificalis.

206 1883 326 1958 Scena,
341 1884 412 1948 sire
427 1902 562 1960 sacena,
575 1882 715 1948 dolabra
730 1885 947 1950 Pontificalis.
1161 1885 1304 1968 [Paua.

207 1983 348 2048 Saeuam
361 1992 382 2020 ¹⁰
404 2001 507 2066 genus
525 1973 631 2070 faisse
651 1983 993 2052 cultri⁷·munltesturu
1010 1993 1074 2060 est,
1093 1986 1153 2050 seu
1175 1986 1301 2067 [chr.

249 2085 380 2150 utrum⁸
395 2087 534 2163 securis,
550 2106 591 2150 au
607 2087 745 2166 dplabra
761 2089 816 2164 sit,
832 2088 1027 2168 ambigitur:
1041 2109 1143 2170 quam
1161 2087 1300 2152 Cincius
1362 2159 1366 2166 ,

248 2186 283 2250 iu
297 2187 391 2268 libro,
408 2188 466 2270 qui
480 2195 534 2252 est
548 2189 600 2251 ei⁹
624 2187 665 2250 de
682 2189 794 2251 verbis
811 2189 945 2270 priscis,
969 2189 1141 2253 dolabrum
1164 2189 1214 2252 ait
1225 2208 1302 2252 esse

248 2287 473 2352 Pontificiarn·
498 2289 614 2353 Livius
626 2291 658 2352 iu
675 2289 801 2372 Lydio:
824 2292 961 2365 corruit,
973 2291 1072 2372 quasi
1084 2293 1172 2355 ictus
1187 2309 1301 2368 scena,

247 2387 336 2452 baud
353 2391 456 2453 multo
469 2409 585 2454 secus.

208 2487 380 2554 Secusas¹¹
395 2489 518 2575 antiqui
546 2488 698 2567 dicebant,
717 2509 811 2574 quam
837 2510 924 2554 nnnc
954 2508 1066 2564 cenae,
1087 2510 1162 2574 quan
1188 2497 1300 2554 autem

658 2665 841 2688 Oumn

236 2785 252 2829 7
263 2779 334 2831 ‘Eam
346 2779 387 2830 erl.
402 2781 546 2832 erbam-8
563 2779 627 2830 Ead.
640 2779 800 2838 eustatmus
810 2785 860 2829 -u
878 2779 938 2832 Vct.
951 2781 1008 2831 eod.
1018 2737 1139 2832 uenum·

695 2959 803 3010 Nom

202 3075 273 3124 lavit.
298 3075 385 3125 Sieex
401 3075 511 3138 quodam
528 3075 731 3124 Pauranlrelueo
770 3087 815 3122 cur
837 3073 984 3122 Sceleratus
1006 3073 1089 3122 dictur
1106 3089 1121 3122 a
1138 3073 1221 3122 Tullia
1237 3075 1299 3123 Tar-

201 3149 247 3198 lib.
260 3151 370 3200 billinc.
390 3152 484 3212 colligo
496 3166 536 3198 res
551 3150 688 3212 frrlguritar
705 3151 730 3198 lu
771 3149 850 3211 quinti
862 3148 972 3210 Superbi
991 3161 1081 3210 uxore,
1098 3147 1165 3212 quud
1186 3147 1221 3195 ibi
1240 3163 1299 3198 cum

204 3239 268 3274 urna
285 3225 419 3287 ltnpositar
439 3229 507 3287 rpurl
527 3225 635 3274 Graecas
655 3225 731 3274 cundi
764 3225 866 3286 jaceret
880 3231 955 3288 pater
971 3226 1081 3288 accisus,
1097 3239 1176 3288 cupra
1193 3227 1252 3274 en'ur
1270 3233 1300 3275 ut

201 3301 290 3348 taliter
308 3297 395 3357 luisse,
414 3305 440 3347 et
459 3301 583 3362 operculo
605 3301 666 3362 tegi.
696 3299 731 3348 At
771 3297 887 3348 tuitteret
912 3305 1064 3362 carpentum
1093 3299 1180 3360 mullo,
1200 3298 1300 3362 jussi&

201 3383 274 3424 vetur
291 3375 419 3436 interpres
436 3373 520 3424 Persii
537 3375 614 3424 aliter
624 3375 731 3438 expauit
769 3371 837 3420 Vide
850 3373 906 3422 Lir.
918 3373 963 3420 ltu.
976 3385 995 3421 r.
1008 3381 1072 3422 sect.
1082 3371 1123 3422 lb.
1140 3373 1214 3422 Iaera

200 3445 663 3510 bancirrigarircnnrleurlirationem.
680 3449 731 3498 ‘lu
801 3455 820 3480 ¹¹
836 3447 948 3509 Serrium]
972 3448 1040 3509 nege
1059 3446 1136 3508 iufra,
1155 3448 1196 3510 pai
1216 3453 1252 3496 ert
1266 3456 1299 3497 rr.

201 3522 267 3578 urtu'
287 3521 381 3586 lnquit,
402 3521 470 3572 ‘fult
494 3533 522 3572 nt
538 3523 669 3587 ¹Augures,
690 3525 742 3574 rel.
769 3525 799 3571 de
814 3521 1043 3587 raumaricae.
1069 3523 1109 3571 Ex
1128 3523 1193 3570 notia
1204 3533 1236 3570 rr.
1252 3522 1298 3569 inr-

201 3600 343 3662 Arnrpicer
356 3599 459 3648 adducti
476 3599 509 3648 de
528 3599 636 3648 Etruria
651 3601 731 3650 certis
771 3599 850 3660 periti
870 3597 966 3647 librarii
983 3595 1100 3645 feceruut
1117 3597 1154 3645 ei:
1179 3595 1212 3644 du
1229 3609 1298 3644 arene

202 3675 360 3738 terrrpuribnr
381 3673 488 3723 fulmina
508 3674 693 3737 transfigurata
705 3675 730 3722 lu
769 3673 806 3721 uit
819 3671 878 3720 alibi
891 3685 930 3720 me
940 3672 1025 3734 legere
1035 3671 1147 3719 memlni.
1164 3670 1240 3718 Ideni.

201 3749 302 3813 lrpirles
329 3747 395 3798 inira
419 3755 512 3798 trrrunr
534 3751 730 3810 absconderent,
802 3743 941 3807 ιιῖτειιειιι]
966 3745 1048 3810 Mirer
1067 3745 1116 3793 bue
1137 3743 1301 3806 translatum,

201 3825 274 3888 eujus
284 3824 309 3870 in
323 3825 468 3887 patratione
481 3823 518 3870 rei
537 3837 598 3871 orer
618 3823 731 3871 immula-
769 3835 828 3870 curn
839 3829 938 3872 eertum
951 3821 986 3870 sit
1002 3831 1053 3869 uun
1070 3831 1169 3874 uanae
1185 3818 1231 3867 reti
1249 3833 1299 3867 cer·

202 3899 313 3947 bantur!
338 3900 419 3961 Lego,
430 3899 497 3959 cajus
511 3899 675 3960 immaniore
686 3897 731 3960 rei,
769 3911 813 3944 aar
824 3897 937 3948 dixisse:
955 3895 1023 3944 unde
1033 3894 1189 3943 silicernium:
1208 3902 1299 3955 parter

201 3975 242 4037 Su.
265 3975 371 4022 Salmas.
390 3975 414 4021 iu
431 3974 511 4022 Satin.
538 3972 606 4021 viae
623 3973 731 4021 ‘Saceb
768 3971 921 4019 ιῦἰειπιὲιη.
937 3969 1068 4020 taceant.

201 4051 224 4098 la
236 4049 252 4096 :’
275 4049 316 4097 ubl
337 4051 404 4112 lege,
422 4051 507 4112 matur
526 4053 595 4098 erunt
612 4047 730 4110 fulguru,
803 4044 915 4109 Serrana]
932 4045 1049 4106 Scaliger
1068 4041 1206 4104 legendum
1223 4046 1299 4104 putat

203 4139 249 4188 pru
255 4125 388 4185 fulgurita.
406 4125 470 4174 Duc.
770 4133 858 4177 emur,
877 4120 945 4170 uude
961 4119 1119 4168 silicernia-.-
1137 4125 1228 4182 postea
1246 4119 1298 4168 stu·-

234 4199 392 4248 ¹Sauraraa
418 4199 493 4262 staua]
519 4200 595 4248 Varr,
618 4198 663 4248 lib.
692 4211 730 4249 ιν.
769 4197 883 4258 emtum,
900 4203 928 4245 ut
946 4195 1083 4257 ‘Valerii,'
1100 4193 1298 4259 ‘Valerii,’&c.

201 4276 304 4337 ‘Prope
314 4274 398 4338 trunc,’
409 4273 506 4338 (alciun
517 4272 680 4340 Cyprturn,)‘
695 4273 730 4321 rl·
769 4271 821 4321 Sed
845 4271 866 4321 si
887 4271 949 4338 quid
970 4278 1068 4320 temere
1090 4270 1237 4320 mutandum
1256 4271 1299 4327 sit,

266 4355 355 4419 Delplr.
367 4361 390 4404 et
405 4355 463 4406 Var.
475 4357 540 4404 Clau·
687 4355 771 4416 Pomp.
782 4353 847 4403 fat.
1175 4351 1190 4397 8
1210 4350 1235 4400 G
