3194 4942
300 340 365 409 688
640 353 752 404 sexui
778 352 930 402 rourum
956 351 1060 402 resur

303 494 478 562 Polubrum
500 517 560 560 esse
583 490 791 574 existimant,f
803 513 903 578 quam
926 514 980 558 uos
996 491 1120 558 Pelvim
1138 513 1293 572 occursus,
1308 495 1396 578 eujus

346 598 449 663 eudem
462 597 670 682 formulasque
689 603 740 661 est
758 593 887 679 potueri
896 601 924 633 ²⁰
949 603 1130 680 teneturque
1145 613 1241 658 mauu
1256 593 1398 672 maistre,

346 705 384 764 ut
399 699 473 784 ejus
488 696 682 782 significatio
693 695 788 760 docet.

304 797 497 884 Proptervie
511 797 714 884 appellabunt
729 796 869 882 auspicio
884 819 953 884 que
965 817 997 862 ae
1003 805 1136 880 propter
1148 797 1234 862 cium
1249 803 1399 863 ostentu-

306 1203 450 1270 Publicig
465 1203 610 1290 Augures
624 1202 810 1287 eoderujure
824 1223 893 1266 curu
903 1203 1009 1267 ceteris
1025 1203 1206 1289 auguribus
1220 1223 1282 1268 uou
1294 1212 1398 1268 eruut.

350 1301 435 1369 Num
455 1326 524 1368 eum
546 1313 642 1369 essent
664 1325 798 1390 augures
819 1323 945 1370 numero
966 1305 1088 1388 plures,
1104 1303 1227 1390 publici
1240 1305 1402 1389 mey'eetote

350 1416 461 1472 ceteros
483 1403 663 1470 anteibunt:
706 1405 796 1490 origo
820 1415 961 1484 vetusto,
976 1404 1105 1494 ideoque
1126 1405 1267 1471 obscuro.
1312 1403 1404 1468 luce

764 1563 945 1590 eremum&

340 1679 373 1726 20
390 1677 539 1741 legendum
548 1683 635 1726 monet
647 1678 713 1728 Dec.
724 1677 774 1739 <ius
784 1679 864 1728 mdes·
874 1677 1085 1742 scmmlrpuaeest
1124 1677 1241 1728 iniri-l
1261 1677 1403 1740 Propterme

306 1741 465 1805 oppetebant,
473 1743 513 1804 ue.
546 1739 613 1792 Hoc
624 1755 710 1807 neque
721 1741 747 1792 in
758 1741 798 1794 ed.
808 1741 877 1794 Scel.
888 1755 971 1808 neque
983 1743 1010 1792 in
1022 1741 1066 1794 ed.
1105 1755 1146 1794 ae.
1155 1743 1226 1793 idel.
1239 1749 1376 1806 epperent.

803 1869 914 1923 NOTAE

344 1963 494 2016 ‘Peleus-sm
509 1964 727 2030 mercurinus]
757 1967 838 2030 Lege.
877 1979 992 2018 mour.
1019 1979 1136 2018 ruouur.
1164 1975 1290 2017 eunuco.
1322 1978 1348 2014 r·
1376 1975 1406 2014 u.

310 2039 372 2102 Eira
391 2043 471 2092 eodm
484 2041 591 2102 fussala
612 2057 666 2106 qua
684 2049 720 2093 ert
738 2043 838 2106 putaui
877 2053 1040 2096 enrnrrrurr.
1072 2041 1109 2092 Ει
1123 2043 1161 2092 ιιι
1178 2038 1406 2104 disungsebmcm

309 2119 838 2186 Videsnpra‘poiiubrum‚’apatleo,pol·
878 2131 894 2166 ι
915 2116 1105 2181 primumcum
1125 2115 1304 2178 Imperetorir.
1336 2114 1407 2164 Nam

309 2194 402 2243 iubeam
412 2209 457 2244 ras
468 2196 629 2260 excipiendus
639 2213 712 2262 equas
721 2195 839 2246 menibus
877 2193 1053 2256 Imperatores
1061 2191 1216 2242 domesticos
1223 2189 1353 2240 testrebant
1362 2204 1407 2240 au·

311 2269 444 2319 obluendir
455 2272 569 2334 pollute.
600 2273 749 2322 Terrebatur
762 2285 839 2321 menn
879 2283 966 2332 gerres,
976 2267 1021 2332 qui
1038 2281 1085 2332 pro
1097 2281 1186 2317 eorum
1197 2266 1279 2316 seinte
1293 2265 1407 2314 excub-

309 2343 839 2411 alnirtre,dextreveroguttm‚undeaque
879 2341 1252 2406 renteteuspiciecapterent.
1284 2338 1406 2402 Augures

312 2415 502 2469 effundebatur.
519 2419 595 2468 Idem.
879 2417 990 2481 primum
1000 2430 1015 2464 a
1026 2415 1140 2480 Colleglo
1154 2413 1319 2464 eruebantur.
1351 2414 1408 2464 De·

343 2493 420 2542 tPu.
438 2527 446 2543 .
463 2527 470 2543 .
489 2527 495 2543 .
513 2495 534 2560 .]
556 2494 639 2546 Plane
663 2494 754 2560 ignoro
776 2495 839 2560 quid
879 2492 974 2544 indae
996 2492 1112 2556 Colieric
1139 2491 1172 2540 ed
1194 2491 1285 2556 popuii
1307 2495 1408 2553 partem

293 2575 296 2580 '
312 2568 356 2618 sit.
372 2570 427 2618 doe.
437 2567 501 2619 eur.
879 2565 1008 2634 quandam
1024 2569 1147 2619 selectum
1160 2569 1205 2632 jus
1222 2565 1285 2616 illud
1301 2567 1409 2616 transla-

344 2643 440 2694 Pudls'ci
450 2645 575 2710 Augures]
592 2643 635 2696 Ita
651 2647 678 2696 in
692 2643 839 2697 sciredislo-
880 2652 934 2696 tum
956 2645 1024 2710 lege,
1042 2659 1117 2710 quam
1136 2643 1197 2694 tulit
1214 2641 1261 2694 Cu·
1278 2639 1410 2693 Domitius

312 2735 370 2770 cnm
380 2719 456 2771 istum
471 2737 499 2770 se
510 2722 674 2772 resarcirisse
686 2723 724 2772 eit
736 2723 839 2774 Fulvius
880 2717 1052 2782 AEnoberbue,
1068 2718 1142 2785 cujus
1153 2717 1270 2768 meminit
1281 2715 1366 2766 Cicer.
1378 2729 1411 2766 rr.

311 2797 429 2848 Ursinus.
462 2799 528 2850 Qua.-
550 2799 643 2848 desunt
662 2801 688 2848 in
706 2797 757 2850 tine
775 2807 840 2863 puto
881 2795 976 2859 Agrer.
1001 2793 1102 2845 Vellem
1114 2793 1307 2846 veroVeternm
1319 2799 1409 2843 aucto·

312 2871 392 2922 verbe
408 2886 464 2922 esse
480 2887 513 2922 ex
529 2873 604 2922 libris
620 2887 753 2937 angurum.
786 2875 839 2924 Au·
881 2871 960 2920 rirete
970 2869 1032 2920 iliud
1043 2867 1409 2932 sensusconfirmemeuquou

312 2960 389 3008 perer
401 2947 510 3010 primum
521 2960 536 2994 a
550 2947 659 2997 Romulo
669 2948 784 2999 instituti
795 2965 841 3000 nu·
882 2945 929 3008 eit,
940 2943 1103 2996 menifestum
1115 2959 1172 2994 esse
1183 2952 1253 2995 sorte
1263 2943 1341 3008 deligi
1350 2943 1412 2992 scli-

313 3033 385 3068 merc
403 3027 466 3074 tres,
482 3033 515 3068 ex
528 3021 629 3085 singnis
640 3021 708 3072 tribu
719 3023 841 3089 singulus.
882 3021 976 3087 tosqnl
992 3037 1101 3086 erigeres
1118 3019 1214 3086 publici
1230 3021 1261 3071 P.
1273 3019 1307 3069 R.
1323 3017 1411 3072 Quiri·

314 3093 420 3152 Postea,
442 3109 458 3143 a
475 3095 566 3145 Servio
581 3095 674 3154 i'niiio,
693 3105 723 3146 ut
740 3105 843 3164 putent,
882 3099 946 3149 tium
959 3097 1124 3162 dicerentur5
1146 3097 1243 3147 nulium
1255 3097 1321 3146 enim
1334 3095 1411 3160 hujus

313 3183 379 3218 nnus
398 3167 510 3221 additus.
542 3169 616 3235 iique
633 3179 744 3236 quatuor
755 3187 843 3224 omnes
883 3177 962 3225 morls
988 3173 1134 3238 vestigium.
1166 3171 1249 3222 Immo
1276 3171 1356 3220 etiarn
1383 3177 1412 3219 et

315 3244 430 3308 patricii,
451 3245 490 3294 bie
507 3245 620 3312 quinqua
636 3247 711 3297 alteri
722 3261 754 3297 ex
767 3247 842 3312 plebe
882 3246 992 3299 observo
1004 3247 1044 3297 rei
1055 3247 1088 3298 ab
1106 3245 1270 3312 imperetore
1287 3245 1328 3294 rel
1339 3259 1356 3294 ι
1366 3259 1412 3308 po·

316 3319 408 3384 additi,
418 3320 488 3372 Qus
498 3321 545 3371 Cn.
561 3321 667 3387 Ogulnii
679 3322 776 3372 tribuni
788 3323 843 3387 ple·
883 3325 945 3390 puio
955 3323 1019 3374 illud
1035 3323 1137 3374 honoris
1156 3323 1240 3386 gretie
1251 3335 1412 3384 concessum,

314 3393 355 3445 bia
377 3396 528 3460 rogatione:
545 3397 587 3447 iric
606 3412 726 3448 numerus
747 3399 844 3450 mansit
882 3407 913 3449 nt
924 3414 1005 3464 augur
1015 3400 1125 3450 haberet
1139 3395 1311 3449 secerdotium
1327 3395 1412 3460 publi·

315 3485 395 3538 usqne
412 3471 444 3520 ed
462 3472 619 3524 dictaturam
639 3473 719 3537 Sylla
740 3473 842 3531 Felicis,
882 3487 951 3524 cum.
983 3471 1099 3524 Liuiis.
1115 3488 1135 3524 r.
1153 3475 1269 3524 sect-⁸8.
1287 3471 1412 3522 ‘iodeeb

314 3550 358 3614 qni
370 3563 416 3599 sex
428 3545 537 3606 addidit,
557 3557 586 3600 et
596 3551 632 3599 ita
642 3549 787 3614 quindecim
799 3565 843 3600 an·
883 3564 990 3614 augure,
1001 3551 1043 3600 cul
1054 3549 1148 3601 deinde
1160 3549 1263 3600 honoria
1274 3563 1337 3612 ergo
1346 3549 1412 3612 pub·

316 3639 393 3688 goras
405 3621 478 3686 iacti,
489 3639 575 3689 neque
588 3631 681 3688 purten
697 3625 780 3674 crevit
796 3639 843 3673 nn·
883 3629 961 3678 licum
971 3625 998 3676 id
1015 3633 1222 3692 perpetuumque
1237 3623 1412 3676 secerdotium

316 3714 412 3750 merus.
444 3698 843 3764 Eorumeutemalil‘mejores,'
884 3701 944 3766 init,
964 3699 1090 3753 deductus
1113 3702 1139 3752 ln
1160 3701 1264 3762 arcem,'
1284 3703 1334 3752 dcc.
1369 3701 1413 3750 De

316 3775 361 3825 eiii
371 3776 378 3803 ‘
388 3773 518 3838 minores,'
528 3775 583 3824 sire
593 3775 636 3824 alii
653 3773 785 3838 ‘privam'
799 3773 844 3826 alii
885 3777 988 3841 templis
999 3775 1165 3841 aupurrllbne
1177 3777 1238 3826 aiibi
1253 3776 1352 3826 dictum
1364 3783 1414 3826 est.

314 3849 447 3915 ‘publici'
480 3845 578 3900 Publici
598 3849 762 3908 dicebantur,
782 3851 845 3902 ‘au·
884 3853 980 3904 intime
996 3857 1067 3902 restro
1081 3851 1162 3902 urbem
1179 3853 1294 3917 reposuit
1308 3851 1414 3902 Fulvius

317 3941 394 3991 peres
416 3927 512 3990 publici
530 3926 617 3990 popuii
632 3927 740 3976 Romani
759 3927 845 3979 Quiri·
886 3929 1005 3986 Ursinus,
1016 3929 1063 3978 sed
1074 3929 1178 3980 omnino
1194 3930 1287 3980 Festus
1303 3928 1415 3992 scripse·

317 4002 399 4051 tium'
418 4003 449 4052 In
461 4008 563 4051 vetusto
574 4013 717 4050 marmore:
731 4013 762 4050 ιι.
772 4015 844 4052 ursm-
885 4011 928 4054 ret
938 4005 1004 4054 iletre
1014 4005 1102 4056 urbem.
1138 4004 1206 4056 Vide
1222 4019 1299 4070 supra
1316 4012 1323 4034 ⁸
1330 4003 1415 4069 prosi·

318 4089 373 4126 cro.
391 4089 520 4127 memmio.
530 4089 622 4128 rouro.
635 4085 845 4129 succursuru-
885 4080 1011 4132 murlum’
1027 4081 1091 4132 Duc.

265 4154 267 4160 '
320 4163 443 4202 ormano.
460 4166 587 4204 runcroo.
604 4165 628 4203 u.
650 4165 676 4202 r.
704 4163 844 4205 eorummet
