3146 4932
317 421 382 484 510
648 430 760 482 snxrr
785 429 935 479 ronrurt
960 429 1066 479 unsri

319 577 534 659 obsequela,⁸
555 575 759 656 obsequium.

318 673 543 741 observasseh
561 675 696 747 dicitur,
713 675 769 758 qui
784 674 952 748 observat,
966 670 1058 755 quid,
1073 671 1232 754 cujusque
1277 669 1401 756 [Fnsr.

359 795 465 841 causa
478 775 587 840 lacere
603 776 738 840 debeat:
753 776 866 857 itaque
880 775 910 838 is
925 774 1092 852 observat,
1106 773 1164 856 qui
1179 772 1328 838 coluisse
1340 773 1403 836 ali-

359 896 458 960 quem
473 875 633 940 dicitur.¹⁸

318 975 564 1041 Obsidionalisi
586 997 708 1042 corona
721 984 781 1054 est,
803 995 880 1059 quoe
895 976 990 1041 datur
1004 973 1194 1057 imperatori
1209 975 1251 1051 ei,
1268 973 1327 1058 qui
1343 974 1401 1037 ob-

359 1078 489 1141 sidione
501 1079 653 1142 liberavit
669 1080 711 1140 ab
727 1079 878 1142 hostibus
892 1079 1069 1141 obsessos:
1091 1095 1132 1138 ea
1147 1073 1186 1138 fit
1199 1095 1241 1137 ex
1257 1073 1402 1155 gramine

357 1177 455 1241 viridi
469 1179 537 1243 fere
550 1199 592 1242 ex
607 1198 648 1242 eo
662 1178 739 1242 loco
755 1179 926 1261 decerpto,
940 1178 975 1240 in
991 1179 1161 1261 quoerant
1175 1175 1315 1262 inclusi:
1329 1174 1403 1237 ber·

357 1279 435 1342 bam
461 1284 570 1341 autem
596 1279 743 1342 victoriae
769 1281 898 1361 siguum
920 1278 1023 1342 luisse
1039 1277 1128 1359 apud
1143 1277 1295 1359 antiquos
1310 1276 1403 1339 aliis-

357 1384 458 1460 que¹⁹
479 1377 642 1459 exemplis
668 1377 852 1455 docuimus,
876 1397 952 1460 quae
975 1395 1103 1440 corona
1116 1395 1242 1458 magum
1257 1377 1404 1440 auctori-

356 1476 437 1538 tatis
451 1475 522 1538 luit.
568 1476 658 1540 Nam
678 1483 711 1540 et
732 1477 774 1539 P.
797 1477 904 1540 Decio
929 1476 1017 1540 datae
1043 1477 1119 1540 dum
1146 1484 1242 1540 sunt:
1269 1495 1337 1538 nna
1358 1475 1402 1538 ab

357 1577 506 1640 exercitu
520 1576 682 1652 universo,
705 1577 809 1640 altera
830 1578 872 1640 ab
895 1578 948 1647 iis,
971 1577 1028 1659 qui
1050 1577 1181 1640 fuerunt
1194 1578 1229 1640 in
1243 1577 1401 1660 pracsidio

356 1677 503 1741 obsessi:
526 1683 560 1740 st
584 1677 624 1740 L.
650 1679 774 1742 Sicinio
800 1674 973 1757 Dentato‚¹¹
995 1679 1052 1760 qui
1075 1677 1227 1742 Achilles
1247 1678 1404 1742 Romae²·

356 1775 566 1842 existimatus
589 1783 652 1855 est,
676 1798 716 1842 ac
742 1779 841 1842 fertur
864 1779 990 1845 centies
1017 1786 1051 1842 et
1073 1779 1199 1841 vicies¹
1223 1798 1284 1860 pro
1312 1777 1401 1862 Rep.

355 1876 567 1959 depugnasse
610 1878 751 1943 Coronis
773 1878 913 1942 donatus
928 1879 1046 1960 viginti
1061 1897 1135 1942 sex.
1180 1877 1221 1942 In
1235 1879 1278 1942 iis
1295 1881 1403 1943 aureis

356 1985 445 2054 octo,
461 1979 577 2042 civicis
592 1979 854 2062 quatuordecim,
869 1980 1054 2044 muralibus
1070 1981 1184 2060 tribus,
1201 1979 1402 2042 obsidionali

355 2096 430 2142 une.
475 2079 563 2143 Inter
576 2078 816 2143 obsidionalem
839 2086 874 2142 et
895 2080 1036 2143 civicam
1058 2079 1123 2144 hoc
1145 2080 1288 2156 interest,
1311 2078 1401 2161 quod

355 2177 461 2241 altero
475 2179 669 2261 singularis*
692 2179 824 2261 siguum
848 2178 968 2244 salutis
991 2187 1057 2258 ost,
1078 2180 1185 2244 altera
1199 2179 1401 2243 diversorum

356 2278 480 2341 civium
496 2287 709 2344 servatorum.

766 2421 944 2442 oonuunoe

345 2553 376 2600 te
392 2550 454 2600 Vst.
471 2549 515 2599 llb.
532 2549 555 2599 is
570 2551 762 2614 edomemus,
784 2553 810 2601 id
822 2559 858 2602 est
874 2553 1002 2602 mamea.
1015 2555 1105 2602 d.-19
1122 2553 1181 2602 Vct.
1202 2551 1248 2602 lib.
1270 2553 1401 2615 aliquot.-

312 2618 344 2662 20
368 2611 416 2662 Vir
436 2613 506 2662 doct.
527 2614 552 2662 in
574 2629 657 2677 marg.
678 2615 719 2663 ed.
748 2615 1178 2680 Scol.conj.ltomusus.-1Vst.
1198 2617 1243 2666 lib.
1265 2618 1401 2666 vicesies.-

312 2683 328 2728 2
344 2677 455 2730 Quidem
467 2677 526 2726 libri
537 2677 647 2738 siugulis.

809 2823 918 2874 NOTAE

314 2935 391 2989 ultro,
410 2932 565 2993 lacrymans,
582 2944 666 2994 orsus,
684 2931 837 2983 obsecrans!
910 2935 917 2968 ¹
933 2935 1105 3000 obsidionalis]
1134 2938 1247 2988 vidend.
1262 2937 1332 2988 Pliu.
1354 2938 1399 2988 lib.

311 3007 386 3056 Idem.
878 3023 951 3062 xxn.
962 3026 1020 3074 cop.
1033 3016 1055 3060 i.
1063 3016 1088 3062 t.
1098 3018 1123 3062 5.
1136 3020 1164 3064 et
1174 3017 1200 3062 d.
1211 3013 1273 3062 item
1294 3013 1339 3062 lib.
1349 3026 1400 3062 vn.

342 3086 355 3121 s
374 3077 513 3142 Obsequio]
531 3078 618 3130 Plsot.
629 3080 700 3130 usin.
721 3081 836 3133 ‘Omnes
876 3101 933 3149 esp.
951 3090 991 3135 28.
1009 3087 1116 3150 Dionys.
1130 3087 1174 3138 lib.
1189 3101 1217 3136 x.
1233 3095 1259 3136 st
1282 3100 1322 3136 ιι.
1340 3087 1400 3136 Vel.

310 3159 441 3216 perantes,
469 3153 578 3216 Libane,
605 3155 693 3206 liberis
712 3157 763 3206 suis
784 3160 836 3212 Qut
876 3160 1399 3223 blomlib.111.csp.2.0ell.lib.1r.esp.

309 3225 371 3276 mibi
390 3227 580 3290 auscultabunt,
600 3228 697 3282 facient
712 3233 835 3296 obsequs·
877 3238 917 3285 il.
926 3243 954 3285 et
964 3236 1008 3285 lib.
1020 3249 1048 3285 v.
1060 3250 1118 3300 esp.
1128 3241 1152 3286 e.
1161 3237 1268 3300 Fulgeu.
1279 3237 1398 3286 Piscisd.

310 3301 361 3349 lom
379 3299 448 3364 ism!
488 3301 616 3365 Obsequio
637 3307 678 3356 rel
703 3307 834 3370 obsequium
874 3309 1024 3374 dssutiqois
1038 3311 1128 3360 serbis.
1138 3309 1280 3361 Hissstl..
1289 3311 1400 3362 Sicinius

309 3375 419 3439 alicujus
441 3376 519 3425 alicui
539 3379 579 3427 rel
597 3379 622 3427 iu
635 3381 745 3445 aliquem
764 3383 833 3446 opud
873 3385 1016 3448 Dentatus,
1024 3399 1099 3450 quem
1111 3386 1188 3451 aliqui
1197 3401 1230 3435 ex
1240 3388 1400 3449 suprascrip·

308 3449 415 3502 idoneos
438 3459 555 3501 suctores
581 3453 696 3504 iuvenies
721 3471 769 3520 pro
801 3471 833 3507 eo
876 3461 907 3510 tis
929 3463 961 3510 1..
975 3461 1086 3511 Siccium
1108 3463 1251 3525 appellunt,
1273 3461 1307 3510 de
1325 3462 1400 3525 cujus

310 3525 378 3591 quod
395 3541 441 3576 uos
452 3526 568 3590 dicimos,
581 3531 764 3593 complaisant,
781 3549 834 3582 sou·
875 3543 973 3587 tuntum
985 3538 1057 3588 cade
1076 3539 1164 3588 Livius
1181 3539 1271 3590 scribit
1292 3537 1337 3588 lib.
1357 3551 1400 3588 sn.

309 3605 462 3654 descenderes
489 3606 518 3654 ds
540 3606 664 3670 ostbu'aa
693 3623 773 3658 snum
802 3626 834 3660 ss
873 3613 935 3664 Art.
950 3612 1015 3673 Aug.

309 3683 386 3728 ostra
402 3679 497 3729 Contra
512 3680 579 3744 qnod
591 3681 742 3744 quibusdem
753 3683 834 3734 visum
908 3686 1079 3751 obsidionalis]
1103 3687 1171 3737 ruse
1187 3687 1257 3738 Plio.
1267 3686 1312 3736 lib.
1329 3699 1401 3736 xxm.

310 3759 357 3802 est.
374 3753 448 3802 ldsos.
874 3763 1037 3823 commoti.
1055 3760 1398 3824 Deberbsrictorlaesigno

340 3825 352 3860 ¹¹
365 3827 516 3891 Observata]
527 3828 653 3894 Αἰδοῖσθω,
663 3832 834 3884 ‘observabi
875 3835 934 3884 vlde
945 3835 1064 3886 ‘herbum
1077 3835 1127 3885 do.‘
1143 3837 1206 3885 Dor.

309 3902 351 3964 lis,
382 3901 504 3964 obtusos·
536 3905 723 3970 observantis,
752 3907 834 3961 alies:
906 3907 1397 3974 *Esbstcnonsssasmlaegnntm

310 3975 397 4028 Gloss.
431 3978 498 4028 Inde
517 3978 631 4030 Homero
647 3980 724 4032 llisd.
740 3989 769 4032 Α.
794 3985 834 4034 Ai-
873 3999 965 4034 corona
975 3987 1068 4035 music
1078 3986 1166 4047 uiginti
1177 3988 1303 4043 ssssvsl:
1321 3987 1356 4036 Et
1366 3987 1397 4036 1..

310 4051 398 4100 isicius
408 4051 497 4116 ispim‘
505 4053 671 4106 Sacerdotem
677 4055 834 4107 observare!
875 4059 978 4108 Sicinius
989 4061 1117 4125 Dostutss,
1127 4063 1168 4124 io.
1184 4061 1275 4111 comis
1291 4062 1401 4122 miss,

310 4123 376 4174 lium
394 4129 538 4179 verecunde
557 4129 663 4196 babere,
677 4131 730 4196 ejus
753 4134 833 4198 precl-
873 4137 914 4197 tsc-
946 4134 1023 4186 Hunc
1037 4137 1180 4188 Dentatum
1194 4151 1252 4186 com
1268 4137 1347 4186 Festo
1358 4137 1399 4186 Si·

311 4197 561 4255 beneorderam.
873 4209 961 4262 sirium
982 4213 1115 4275 appellant
1141 4213 1198 4262 Vol.
1227 4213 1299 4264 Mu.
1329 4212 1400 4264 Geli.
