3208 4938
289 345 353 412 824
627 357 742 408 ssxrr
768 357 919 406 ronrnrr
945 357 1049 414 rasni

334 506 368 567 in
384 503 469 566 libro
485 501 590 584 primo
604 519 612 565 ε
637 499 793 582 Virgines
807 517 884 564 nam
904 500 969 564 sibi
994 501 1138 582 quisque
1153 499 1244 564 domi
1259 498 1387 564 Roma·

334 623 398 669 nus
421 603 523 668 babet
549 621 626 666 sas:
660 620 736 665 ctam
763 620 844 665 snas
872 603 978 682 magis
1004 601 1159 666 videatur
1181 601 1392 684 significare:

336 707 436 771 siouti
451 704 601 789 ejusdem
615 704 702 766 libro
722 699 882 786 septimoi
900 703 1073 768 fatendum
1095 711 1148 766 est
1168 723 1243 768 earn
1262 703 1389 784 signiti-

337 808 418 884 cari,
434 826 509 870 cum
527 807 595 869 ait:
619 803 653 868 N
656 823 694 868 eo
704 811 731 850 ¹4
751 803 930 886 quisquam
946 803 1159 886 philosophia
1171 801 1292 887 (quam
1307 802 1389 866 doc-

337 910 487 974 trinam¹⁵
513 906 634 970 latina
655 905 768 986 lingua
791 923 857 968 non
883 903 996 980 habet,
1023 904 1190 986 sapientia
1215 923 1293 987 qnae
1315 923 1390 986 per-

338 1005 483 1093 hibetur)
498 1008 661 1073 lnsomnis
683 1007 769 1071 vidit
795 1005 901 1087 prins,
915 1025 1015 1089 qoam
1035 1025 1107 1070 sam
1123 1005 1255 1072 discere
1273 1007 1391 1088 eoepit.

340 1111 436 1184 Idem
451 1129 528 1174 oum
551 1111 598 1174 ait
619 1127 755 1190 sapsam
777 1125 838 1189 pro
861 1107 951 1190 ipsa,
966 1127 1028 1172 neo
1044 1107 1112 1170 alia
1131 1106 1229 1189 ponit
1249 1108 1285 1171 in
1305 1109 1391 1172 libro

342 1217 440 1275 sexto
470 1210 622 1274 decimo:
655 1207 733 1286 Qno
759 1225 811 1270 res
841 1209 944 1290 sapsa
971 1209 1046 1274 loco
1075 1227 1150 1272 sese
1179 1215 1393 1292 ostentatque

338 1314 527 1398 jobetqpe:
549 1317 584 1378 et
599 1311 771 1374 Pacuvius
792 1309 826 1372 in
851 1309 1004 1376 Teucro:
1030 1309 1119 1375 Nam
1139 1310 1306 1376 Teucrum
1322 1311 1393 1393 regi

344 1434 508 1499 sapsares
523 1413 709 1478 restibiliet.

301 1515 375 1593 Sas,
402 1533 492 1578 snas.
537 1513 690 1577 Ennius:
713 1511 870 1595 Virgines
891 1532 967 1577 narn
992 1513 1058 1578 sibi
1085 1516 1227 1600 quisque
1257 1505 1415 1602 [Panas

344 1616 434 1680 dorni
456 1615 633 1680 Romanus
654 1614 752 1678 habet
774 1635 843 1680 sas.
888 1615 979 1693 Sam,
1006 1636 1093 1682 eam.
1138 1616 1232 1681 ldem
1249 1617 1397 1680 Ennius:

346 1717 469 1800 Neque
495 1718 673 1802 quisquam
693 1717 942 1802 philosophiam
975 1718 1145 1783 insomnis
1175 1719 1260 1782 vidit
1288 1717 1396 1800 prins,

317 1839 534 1902 *quamsam
551 1819 682 1882 discere
704 1819 822 1902 coepit.
867 1819 1092 1903 Sapsa,ipsa.
1138 1820 1233 1884 Idem
1249 1819 1397 1884 Ennius:

348 1918 428 1998 Quo
440 1939 493 1984 res
509 1939 610 2003 sapsa
623 1921 703 1984 loco
718 1941 795 1986 sese
811 1927 1016 2006 ostentatque
1025 1919 1184 2006 jubetque.

296 2017 473 2087 saticula*
489 2022 640 2107 oppidum
656 2023 689 2086 in
700 2023 836 2088 Samnio
847 2031 1059 2106 captumest,
1075 2043 1142 2108 quo
1153 2032 1260 2106 posteo
1275 2021 1399 2102 [Fsssr.

280 2391 282 2394 ,
342 2333 524 2448 “dgr-m
544 2335 571 2386 in
583 2349 663 2400 marg.
683 2335 725 2386 ed.
743 2335 810 2386 Scai.
830 2337 898 2400 conj.
920 2337 1077 2400 Neque-lb
1095 2336 1153 2386 Vel.
1165 2335 1404 2398 codplriloaoplriara

309 2413 360 2461 qaoe
425 2415 487 2449 naa.

800 2512 910 2564 NOTAE

310 2607 398 2658 videre
419 2610 581 2674 septentiam,
604 2611 664 2675 qoin
688 2626 743 2660 eam
765 2612 836 2676 prim
908 2609 986 2660 *sle
997 2645 1004 2661 .
1016 2645 1023 2660 .
1036 2645 1043 2659 .
1056 2611 1076 2675 .]
1108 2609 1249 2660 Saticulam
1265 2607 1404 2658 dednetaar

311 2683 441 2735 didicerit.
475 2685 533 2736 lloe
549 2687 616 2736 enim
633 2687 837 2750 naturaliterfit,
876 2700 935 2735 erae
950 2687 1077 2735 coloniam
1095 2687 1251 2736 Patereolna
1267 2683 1355 2736 aeribit
1373 2683 1407 2731 li·

311 2765 341 2806 nt
362 2773 418 2823 qna
441 2761 591 2824 quotidiano
620 2777 664 2813 nso
689 2769 838 2824 tractamur,
877 2761 923 2811 bro
935 2763 1029 2826 priore.
1049 2760 1407 2826 mainaqaoquettbaxvn.

311 2848 343 2884 ea
359 2849 428 2899 repe
447 2837 474 2885 io
494 2837 590 2888 somnia
606 2838 738 2902 imaginari
756 2840 837 2890 aolea·
877 2838 1038 2888 Saticulanoa
1056 2839 1123 2887 inter
1142 2837 1247 2886 colonos
1262 2833 1352 2883 fideles
1364 2837 1408 2883 18.

312 2924 377 2958 mna.
393 2913 448 2960 Joa.
460 2913 525 2962 seat.
878 2915 1035 2964 coloniarum
1046 2920 1193 2962 enumerat.
1217 2912 1261 2960 Da
1269 2911 1316 2958 bac
1326 2908 1409 2972 igitar

345 2985 447 3037 ¹Sr'aati
462 2989 564 3048 ejudem
581 2991 641 3040 libro
658 2993 769 3057 septimo]
788 2993 838 3041 En·
879 2989 952 3038 Festi
979 2988 1058 3038 verba
1087 2987 1233 3050 intelligere
1264 2997 1408 3048 portumna-

292 3104 296 3114 .
314 3063 371 3111 nina
393 3063 448 3113 aina
467 3063 546 3114 dubio
565 3066 604 3114 hia
624 3067 742 3116 versibus
759 3067 839 3117 tacite
879 3065 994 3114 Saticula
1009 3063 1131 3128 oppidum
1148 3064 1174 3112 io
1185 3061 1291 3112 Samnio
1302 3065 1409 3122 oaptnm

314 3137 532 3189 obtrectatoribus
555 3143 607 3190 ania
626 3141 774 3205 respondet,
795 3142 840 3206 qni
880 3137 1409 3209 eat‚qnopoataaeoloniamdeduxerant.

315 3219 422 3274 propter
432 3214 554 3262 invidiam
572 3217 629 3278 ejus
646 3217 766 3278 poiimata
786 3224 840 3268 tao·
881 3224 930 3270 dre.
952 3223 978 3270 L.
992 3221 1098 3282 Papirio
1110 3220 1229 3276 Cursore,
1241 3215 1273 3263 V.
1285 3213 1315 3262 C.
1326 3211 1411 3263 Jtrnio

316 3300 391 3348 qnam
402 3301 454 3336 non
465 3289 533 3337 domi
546 3292 666 3347 nata‚aed
675 3293 707 3342 ab
717 3293 841 3352 Houero,
882 3299 964 3346 Broto
977 3308 1008 3345 ιι.
1021 3297 1081 3345 Coa.
1091 3308 1158 3344 anno
1173 3297 1233 3356 poat
1244 3289 1277 3338 R.
1289 3289 1319 3340 c.
1327 3300 1412 3338 cnxt.

317 3362 361 3425 qni
370 3362 405 3410 illi
413 3365 438 3412 in
448 3366 844 3431 somniaapparneratdeanmtm
885 3385 915 3420 ea
928 3370 1002 3420 sartis
1013 3371 1176 3434 capitolinis.
1192 3367 1252 3417 aar.
1262 3365 1329 3426 aas.

317 3439 470 3500 serpebant.
491 3443 584 3503 Nemo,
596 3444 688 3507 inqrtit,
699 3445 808 3494 somniat
816 3461 844 3496 aa
917 3446 1036 3510 Saticula]
1056 3446 1187 3496 Patercal.
1201 3443 1248 3492 lib.
1263 3455 1283 3491 r.
1300 3455 1357 3502 cap.
1371 3443 1414 3490 lde

317 3514 407 3564 videre
418 3516 581 3580 sapientiam,
590 3519 651 3582 quin
661 3533 716 3568 earn
726 3521 794 3583 prins
805 3521 844 3570 di·
883 3520 1095 3586 ‘litaequentibna
1102 3516 1329 3579 consulibna‚asp.
1337 3515 1415 3564 Poat·

318 3591 422 3641 dicerit.
457 3591 845 3658 Hoeenimnatnralitertit,ut
884 3599 963 3658 nmio,
984 3599 1092 3647 Philone
1120 3595 1233 3646 Publilio
1258 3591 1413 3645 Cemoriboa

319 3682 378 3732 qtrte
405 3667 552 3732 quotidiano
574 3683 620 3718 nan
643 3676 795 3736 tractamus,
814 3685 845 3721 ea
885 3674 1023 3724 Acerranis
1033 3674 1096 3722 data
1106 3672 1214 3731 Civitas,
1225 3677 1254 3720 et
1265 3675 1323 3732 poet
1333 3668 1415 3716 trien·

321 3757 392 3806 saepe
408 3745 542 3794 insomnia
558 3745 693 3808 imaginari
711 3747 844 3797 soleamne.
885 3749 953 3798 nium
975 3751 1141 3799 Terracinam
1163 3747 1280 3796 deducta
1301 3744 1415 3793 colonia.

320 3818 398 3868 Unde
410 3820 542 3883 eleganter
552 3821 621 3883 aliud
631 3821 732 3871 Allium
744 3823 768 3872 in
781 3824 845 3873 Bru·
885 3829 1093 3893 lnterpositoqne
1102 3821 1416 3892 quadriennio,l.neeria,'

321 3906 359 3946 to.
391 3895 472 3952 ‘Rara¹
500 3911 558 3960 qnae
586 3898 611 3946 in
639 3898 693 3948 vita
721 3909 846 3964 usurpant
886 3903 1136 3972 (melittabaoerirra)
1153 3912 1201 3952 ‘ac
1220 3899 1315 3950 deinde
1334 3900 1415 3948 loter-

320 3971 446 4030 imminet,
471 3974 597 4036 ῦῠεῑῑίῠῐ,
617 3975 725 4032 mittut·
748 3977 845 4026 vident.
884 3981 958 4043 jecto
981 3981 1101 4040 triennio,
1118 3981 1213 4030 Sneaaa
1233 3977 1370 4036 Arimaea3
1387 3983 1418 4024 et

322 4048 440 4113 owine
449 4051 848 4118 ⁸8⁰¹stliiilflssitflatssiltniqne,
887 4056 1210 4118 Saticulalnteramoaqoa
1220 4053 1227 4074 '
1236 4052 1357 4117 (meliust
1370 4049 1419 4100 Sa·

323 4137 355 4170 en
365 4123 386 4172 ai
397 4125 457 4189 quoi
471 4127 497 4175 in
513 4141 603 4178 somno
617 4127 749 4192 accidunt,
759 4131 847 4182 Minoa
888 4127 1419 4194 amalumoa‚ar&ttulaa,lareraaa·

323 4197 485 4252 rniromoat.¹
501 4202 564 4255 Dae.
889 4206 998 4272 namque)
1020 4207 1098 4270 ‘post
1119 4203 1267 4256 biennium:
1299 4201 1369 4250 Vide
1389 4208 1420 4252 at
