3190 4940
321 431 387 496 916
661 443 774 494 suxrr
799 443 952 494 romanu
975 441 1081 492 enarr

324 587 469 653 Subices
485 585 609 652 Ennius
624 607 685 672 pro
701 588 871 671 subjectis·
882 587 1006 670 posuit.
1278 587 1412 671 [Paua.

324 691 439 755 Subici
450 697 463 724 ⁸
473 689 551 754 aries
562 689 687 766 dicitur,
699 688 753 774 qui
764 689 911 773 agitur,¹⁹
925 687 1114 766 accedetur,
1125 688 1215 772 quod
1226 689 1274 768 fit,
1287 690 1415 772 [Fuso.

364 799 403 855 ut
419 793 467 855 ait
490 791 628 856 Cincius
651 790 684 853 in
707 789 786 853 libro
806 789 843 853 de
865 789 961 873 officio
980 789 1228 874 jurisconsulti,
1257 791 1416 874 exemplo

364 891 597 957 Atheniensium
612 891 698 976 apud
706 913 779 977 quos
794 891 952 976 expiandi
967 898 996 930 ²⁰
1019 893 1126 974 gratia
1145 893 1230 956 aries
1256 891 1415 978 inigitur¹

363 993 404 1056 ab
418 1015 452 1058 eo
468 993 523 1078 qui
536 995 636 1057 scelus
651 995 785 1058 admisit
798 1013 909 1076 poenae
923 991 1090 1076 pendende
1103 990 1179 1057 Ioco.

319 1096 483 1178 Subigere
496 1103 508 1132 ²
525 1098 662 1160 arietem
674 1098 708 1159 in
723 1095 840 1159 eodem
855 1095 938 1159 libro
951 1103 961 1142 ³
986 1095 1155 1160 Antistius
1170 1113 1245 1160 esse
1264 1095 1312 1160 ait
1334 1095 1413 1158 dare

362 1199 509 1274 arietem,
524 1197 582 1279 qui
597 1215 657 1279 pro
669 1216 706 1284 se
721 1203 848 1277 agatur,
864 1195 1027 1260 caedatur.

321 1297 501 1364 Sublestab
516 1300 643 1383 antiqui
659 1299 818 1364 dicebant
836 1297 967 1362 infirma
988 1303 1021 1362 et
1043 1298 1168 1362 tenuia.
1212 1297 1357 1361 Plautus
1379 1297 1414 1360 in

362 1399 487 1465 Persa:
508 1397 589 1464 Ad4
614 1409 844 1484 paupertatem
871 1399 901 1463 si
925 1399 1113 1482 immigrant
1137 1397 1301 1474 infamiae,
1328 1397 1414 1460 Gra·

359 1503 432 1566 vior
443 1510 628 1586 paupertas
641 1501 690 1581 fit,
705 1501 790 1566 fides
804 1501 993 1576 sublestior,
1007 1500 1041 1563 id
1054 1507 1118 1576 est,
1130 1499 1297 1562 infirmior·
1321 1498 1415 1562 Idem

360 1602 394 1665 io
410 1601 622 1680 Neruolaria,
638 1605 750 1668 vinnm
774 1605 822 1668 ait
843 1603 1137 1676 sublestissimum,
1157 1601 1239 1683 quia
1263 1599 1412 1664 infirmos

360 1702 473 1782 faciat,
485 1705 539 1769 vel
556 1724 709 1788 corpore,
725 1705 778 1768 vel
794 1705 914 1767 animo.

318 1805 485 1883 Sublesta,
516 1806 657 1883 infirma,
687 1813 722 1870 et
746 1807 872 1870 tenuia.
917 1805 1080 1870 Plautuse
1111 1801 1256 1869 Gravior
1276 1801 1412 1885 [Paua.

351 2135 383 2180 lll
398 2131 444 2179 lid.
461 2132 530 2182 Sral.
541 2138 701 2194 affetum—2⁰
721 2133 784 2184 Ead.
802 2132 845 2182 ed.
864 2133 1029 2194 expiandi-l
1050 2131 1114 2181 aaa.
1126 2131 1167 2180 ed.
1179 2131 1354 2193 turegum-a
1366 2131 1413 2180 vir

317 2194 388 2244 doct.
401 2197 426 2243 in
438 2210 518 2257 marg.
530 2197 643 2259 ejusdem
655 2197 697 2246 ed.
708 2199 814 2260 conjicit
824 2196 990 2246 Subiecta-⁸
1008 2196 1049 2246 ld.
1060 2197 1124 2246 ibid·
1135 2197 1169 2246 X.
1186 2197 1216 2246 V.
1226 2197 1296 2246 Jarr'e
1307 2195 1412 2244 Part.-

317 2263 333 2307 t
352 2258 417 2308 llaec
428 2260 453 2308 in
463 2259 520 2309 ead.
533 2260 575 2309 ed.
588 2261 623 2310 ita
635 2268 741 2309 extant:

553 2357 560 2372 .
625 2325 652 2372 in
663 2325 783 2375 dicebant
795 2323 854 2373 iolit-
887 2356 1409 2373 ........

685 2389 792 2439 Plantae
803 2389 829 2438 in
844 2389 939 2438 Perea:
956 2385 1015 2442 Aa·
1026 2390 1076 2438 &a

807 2563 917 2615 Nom

316 2694 393 2742 midae
407 2673 562 2742 unicorne
572 2693 733 2744 immensiter
748 2709 808 2743 aare
818 2699 842 2743 et
883 2705 961 2742 crsr‘r.
973 2705 1295 2745 rao.caarus.occs1sar.
1309 2709 1350 2745 ar.
1363 2710 1413 2747 rra·

316 2767 414 2829 spirita.
448 2767 500 2816 Sed
519 2770 593 2817 aliter
610 2768 721 2832 Gellius,
739 2777 766 2819 et
787 2771 841 2819 No·
881 2781 950 2819 rara.
972 2781 1043 2818 arra.
1067 2781 1105 2816 ru.
1124 2781 1413 2821 concionantium!

316 2843 569 2905 niuain‘aurblicis3'
580 2845 648 2907 apud
660 2861 733 2910 quoa,
744 2845 842 2906 Perego
882 2857 1014 2893 avarcrro.
1046 2843 1322 2907 cojurlegianltirnum
1333 2861 1414 2896 mem·

315 2915 395 2966 Deera
410 2918 520 2968 witimer
537 2919 633 2969 antiteta
643 2921 759 2984 tumidae,
774 2920 842 2969 Unde
881 2919 955 2968 brom
967 2919 1175 2968 concinnavimus
1187 2933 1219 2968 ex
1231 2920 1414 2970 rehediiafler·

314 2992 391 3041 πίων
400 2993 482 3041 imber.
501 2995 568 3041 Dae.
881 2995 970 3053 viauia,
988 2994 1015 3042 ln
1033 2993 1126 3057 qrrlbaa
1144 2993 1219 3056 trojus
1237 2995 1302 3056 legia
1314 2999 1414 3046 mentio

347 3075 359 3100 ¹
376 3067 470 3129 Suebici]
488 3067 570 3116 Sadici
582 3069 645 3119 aries
661 3069 758 3128 dieitur,
774 3083 842 3131 quera
880 3069 926 3120 lit:
945 3071 998 3119 ‘Ut
1017 3071 1098 3134 siquis
1115 3070 1265 3133 imprudens
1282 3071 1412 3124 bominem

315 3145 369 3206 qua
385 3146 448 3205 ugit,
465 3151 491 3192 at
504 3159 547 3206 pro
558 3159 583 3194 ee
593 3147 714 3194 cadatur:
731 3149 758 3193 et
768 3145 803 3193 ott
814 3145 841 3192 in
880 3146 1027 3210 occidisset,
1038 3159 1086 3210 pro
1104 3147 1191 3209 capite
1203 3149 1292 3211 occisi,
1304 3156 1330 3196 et
1343 3151 1412 3198 natis

314 3219 609 3268 eedemltiroaatiatiua:
628 3223 688 3283 qnod
698 3219 743 3285 fit,
761 3225 788 3269 at
804 3223 840 3270 ait
880 3221 934 3284 ejus
957 3222 982 3268 in
1007 3221 1131 3270 concione
1156 3222 1263 3270 arietem
1286 3221 1414 3273 offerret)

316 3291 414 3339 Cinciae
432 3293 491 3339 libro
517 3295 546 3341 de
567 3295 640 3357 mileto
661 3295 840 3360 duriaeoaaelti,
880 3296 957 3347 Quod
970 3297 1012 3345 nte
1028 3297 1065 3346 ait
1084 3297 1185 3354 Festus,
1200 3313 1273 3361 poeeoe
1281 3301 1413 3360 mnata

314 3366 418 3426 amplo
428 3365 621 3417 Atheniensium:
634 3371 696 3432 apud
706 3387 763 3434 qam
773 3373 840 3434 expi-
880 3373 937 3436 loeo,
960 3369 1034 3436 prena
1052 3371 1158 3422 ridetur
1177 3374 1282 3422 innuere
1301 3374 1327 3422 in
1349 3377 1411 3440 lego

314 3441 371 3489 ordi
379 3441 463 3502 patio
471 3442 533 3490 aries
542 3443 643 3504 inigitur
653 3446 683 3494 ele
698 3462 733 3502 eo,
744 3447 784 3510 qai
793 3463 841 3497 aee·
878 3445 958 3496 solere
986 3459 1135 3510 expressum
1163 3449 1243 3498 verbo
1268 3447 1413 3502 dnlremr.

313 3516 549 3578 tumeamus
557 3521 684 3580 perderdoe
694 3521 750 3570 loeo.
786 3521 839 3570 No·
878 3523 1005 3572 evaneat

314 3597 368 3666 tum
381 3593 449 3657 apud
461 3591 633 3642 Atlrenieneee
650 3600 677 3642 et
692 3595 755 3644 allos
767 3595 839 3646 Grae·
910 3599 922 3634 ⁶
939 3597 1060 3662 dathae]
1076 3597 1146 3649 Featl
1165 3600 1249 3649 verbis
1265 3615 1348 3663 pauca
1363 3601 1412 3652 de·

314 3679 367 3728 cor,
388 3681 438 3716 non
461 3669 551 3728 selom,
569 3667 612 3731 qui
630 3667 740 3719 maur
757 3667 839 3734 φόνον,
879 3683 939 3724 aunt
956 3675 981 3722 in
998 3675 1064 3724 hanc
1081 3677 1255 3726 sententiam:
1274 3677 1411 3727 Sublatam

313 3743 357 3791 red
370 3750 397 3792 et
407 3743 449 3808 quui
462 3743 489 3792 le
498 3742 607 3806 προνοίας
617 3745 749 3805 iecissent,
759 3761 838 3810 paen·
879 3751 988 3800 dicebant
998 3751 1128 3815 infirm,
1138 3757 1163 3800 et
1173 3759 1250 3802 tenne.
1274 3753 1358 3803 ΗΜ.
1367 3759 1410 3817 tyr.

313 3817 387 3866 dibus
404 3819 566 3868 immolandis
584 3821 839 3883 capraemontem
877 3827 966 3876 Verba
987 3827 1075 3877 Plauti
1095 3828 1152 3876 lrrec
1171 3838 1247 3878 serat:
1264 3829 1352 3878 ‘Nam
1376 3831 1410 3879 ad

314 3893 347 3942 da
370 3893 464 3944 Oreste
486 3903 513 3944 et
532 3897 587 3945 aliie
608 3895 734 3959 proditur.
779 3899 838 3949 lloc
878 3911 1058 3968 paupertatem
1081 3905 1101 3953 ai
1125 3905 1273 3969 admigrant
1289 3906 1413 3968 infamiae,

313 3969 391 4016 etium
403 3971 529 4019 retulerat
545 3970 571 4019 in
584 3971 655 4035 leget
672 3985 731 4020 ⁸⁰³⁸
743 3973 838 4036 Numa,
877 3979 989 4030 Gravior
1005 3987 1144 4044 paupertas
1156 3979 1195 4034 fir.
1212 3981 1277 4032 fides
1288 3983 1410 4034 sublesti-

314 4041 383 4092 luter
397 4059 459 4108 qum
478 4046 532 4094 haec
550 4045 614 4100 fnit:
631 4059 680 4096 aar.
699 4059 769 4100 cvra.
786 4063 837 4099 ruo·
878 4053 926 4104 or!
958 4055 1031 4104 Idem
1043 4057 1068 4104 lu
1080 4056 1205 4106 Bacchid.
1223 4057 1409 4121 ‘Lingonico-

314 4131 420 4168 niuem.
448 4133 597 4172 narararra.
629 4137 709 4173 nouo.
745 4137 836 4175 actara
877 4131 947 4194 ttoni,
969 4131 1065 4182 inerter
1085 4145 1171 4196 opera,
1199 4131 1316 4183 sublesta
1336 4134 1409 4184 tide?

315 4205 429 4244 nouum.
446 4209 519 4246 nuru.
539 4211 697 4250 ruarcarna.
711 4213 782 4250 asro.
797 4213 837 4251 sar
877 4205 937 4255 Ant.
948 4209 1011 4266 Aug.

314 4279 357 4316 rur.
370 4281 535 4322 rurauuaur.
548 4287 586 4323 ra.
603 4289 683 4326 nono.
697 4287 780 4325 maro.
792 4289 837 4326 oc-
911 4279 1031 4343 Setterta]
1047 4281 1146 4333 Gloriae
1159 4281 1270 4332 Isidori:
1290 4283 1406 4334 ‘subles-
