3190 4940
315 394 381 464 894
652 415 767 464 anxrv
792 417 946 464 rourum
974 415 1079 465 unsar

358 559 473 636 idest,
497 561 684 639 voluntate,
707 561 925 646 promittatur.
947 561 1067 626 deinde
1093 562 1231 641 oblituS,
1262 561 1412 630 inferiore

361 663 474 744 capite
492 679 652 744 sponsum
666 667 697 725 et
712 681 868 745 sponsam
883 682 926 727 ex
943 662 1066 728 Graeoo
1086 663 1224 742 dictam,
1246 666 1306 742 ait,
1323 665 1414 748 quod

357 763 382 825 ii
407 765 525 836 σπονδὰς
554 753 760 844 interpositis
783 764 882 827 rebus
907 745 1029 828 divinis
1059 763 1197 829 faciant.
1242 767 1415 851 Spondere

359 873 454 930 autea
477 865 664 949 ponebatur
684 885 745 948 pro
771 865 893 944 dicere,
916 867 1059 932 undeet
1082 869 1283 952 respondere
1306 869 1414 934 adbuc

357 977 471 1045 ururret,
485 964 649 1052 sedpostea
660 968 813 1052 usurpari
824 977 979 1052 coeptum
995 977 1048 1034 est
1058 969 1152 1034 etiam
1163 971 1196 1034 iu
1207 972 1413 1058 pronrirrione

357 1069 507 1133 alterius.

313 1169 488 1254 Spondere
503 1172 688 1254 ponebatur
703 1191 763 1254 pro
779 1172 900 1250 dicere,
916 1172 1005 1236 nude
1020 1179 1056 1238 et
1065 1174 1262 1258 respondere
1274 1175 1412 1260 [Paua.

355 1273 465 1338 adhuc
486 1281 615 1355 manet3
635 1275 694 1338 sed
711 1280 828 1357 postea
856 1277 1009 1357 usurpari
1033 1284 1182 1360 coeptum
1204 1285 1258 1342 cst
1279 1279 1313 1342 in
1335 1297 1413 1363 pro·

356 1396 472 1440 misso.
827 1389 840 1412 ¹·

314 1479 456 1561 Sponsis
479 1479 602 1554 bene,¹¹
627 1479 775 1562 beneque
804 1477 979 1556 volueris,⁰
1001 1481 1034 1543 in
1061 1481 1253 1562 precatione
1281 1479 1411 1564 [Fusa.

356 1581 517 1663 augurali,
533 1580 687 1646 Messala
702 1600 807 1664 augur
822 1582 869 1646 ait
896 1583 1085 1664 significare
1107 1584 1340 1667 spoponderis,
1353 1603 1411 1648 ro·

354 1683 469 1748 lucris.

312 1784 478 1868 Spurcum
513 1785 647 1848 vinum?
687 1785 850 1863 dicebant,
876 1806 951 1851 cum
976 1805 1064 1869 aqua
1089 1787 1409 1872 admixta,[Puv1..

354 1894 412 1950 aut
424 1888 503 1970 igne
516 1895 643 1952 tactum
658 1893 740 1965 erat,
755 1899 947 1952 mustumve
961 1897 1141 1971 antequam
1154 1890 1377 1954 defervescat.

311 1987 478 2071 Spurcum
492 1989 607 2052 vinum
630 1996 693 2064 est,
717 1988 808 2072 quod
830 1990 936 2054 sacris
959 1990 1108 2054 adbiberi
1136 2011 1200 2054 non
1221 1991 1261 2055 ii·
1284 1991 1410 2072 [Fnsv.

354 2096 420 2167 cet,
445 2096 482 2153 ut
507 2091 556 2154 ait
579 2090 696 2154 Labeo
723 2090 893 2154 Antistius
919 2091 1003 2156 libro
1028 2092 1157 2156 decimo
1180 2094 1410 2158 commentarii

349 2191 436 2273 juris
460 2191 636 2274 pontificii,
657 2191 712 2254 cui
733 2210 824 2275 aqua
851 2192 1004 2257 admixta
1025 2199 1087 2271 est,
1108 2195 1327 2272 defrutumve,
1351 2202 1411 2259 aut

352 2295 426 2376 igne
441 2301 565 2358 tactum
581 2299 642 2370 est,
658 2298 847 2358 mustumve
862 2301 950 2370 ante,
967 2315 1070 2380 quam
1086 2296 1305 2362 defervescat.

311 2395 511 2479 Squalidum
526 2395 697 2472 incultum,
712 2403 748 2458 et
769 2395 951 2472 sordidum,
967 2397 1058 2480 quod
1073 2399 1226 2481 proxime
1272 2399 1408 2480 [Paua.

353 2495 601 2562 similitudinem
615 2497 741 2560 habeat
756 2516 908 2580 squamae
923 2499 1079 2580 piscium,
1095 2501 1145 2564 sic
1160 2500 1379 2584 appellatum.

312 2595 499 2683 Squalidum
513 2606 526 2646 q
540 2597 701 2662 incultum
717 2606 750 2662 et
777 2597 943 2662 sordidum
966 2599 1013 2664 ait
1032 2596 1161 2666 Verrius
1183 2603 1245 2686 sig·
1281 2601 1408 2684 [Fasu‘.

759 2778 939 2802 noeaoeane

341 2881 368 2926 11
389 2879 451 2927 vet.
462 2879 521 2928 cod.
534 2879 602 2928 Bene
611 2879 710 2943 rpuarir.
744 2879 813 2930 Vide
825 2879 872 2930 inf.

800 3043 907 3094 NovAE

306 3161 409 3218 sponte,
425 3170 483 3204 uam
499 3154 526 3204 id
539 3154 627 3205 valet!
660 3155 712 3206 Sed
733 3155 836 3205 omniuo
876 3155 983 3206 fulmine
995 3164 1085 3220 tanta,
1095 3170 1224 3221 utrumque
1231 3155 1311 3218 juxta
1326 3155 1408 3205 homi·

305 3233 406 3294 menneo
419 3246 433 3280 a
444 3231 537 3281 Grmco
549 3231 650 3294 catria,
659 3233 720 3287 libo,
729 3231 796 3296 quod
810 3233 835 3282 in
876 3231 916 3280 nia
927 3247 996 3282 mors
1009 3233 1099 3296 laqueo
1120 3231 1283 3295 pependerit,
1295 3239 1339 3278 aut
1350 3233 1407 3279 vui·

306 3303 448 3354 t'mderibur
466 3306 587 3355 libarent.
621 3307 716 3366 Postea
727 3307 835 3368 factum,
876 3309 975 3358 natatis
988 3307 1096 3371 podibus
1112 3309 1221 3368 calcata,
1233 3313 1260 3354 et
1272 3306 1404 3370 quodcir-

306 3385 335 3427 ut
347 3379 390 3442 qui
402 3385 430 3427 at
447 3381 502 3428 aine
519 3381 642 3430 libatione
660 3384 835 3445 promitteret,
876 3385 994 3434 cumciaiu
1005 3384 1118 3432 vinaceis
1128 3381 1287 3446 profluxerit,
1306 3388 1351 3428 aut
1362 3393 1405 3429 su-

283 3459 285 3462 '
304 3455 417 3516 spondere
427 3455 569 3512 dicaretur,
578 3467 604 3504 er
617 3459 660 3521 qut
671 3458 835 3520 repromitte·
876 3473 957 3521 perne
969 3459 1078 3508 deciduo
1090 3457 1259 3506 immundiora
1275 3457 1348 3520 lapan
1360 3459 1407 3506 ait·

305 3533 513 3594 ret‚reaporrdere.
530 3531 612 3581 idem.
874 3548 925 3597 quo
946 3533 1054 3596 polluto,
1075 3533 1136 3582 item
1157 3533 1268 3586 araca.
1285 3533 1405 3596 qrrouiam

337 3613 349 3638 ⁰
366 3605 467 3668 Sparata
477 3606 541 3662 brae,
550 3605 769 3670 benequeuniuerir]
786 3608 836 3656 Le·
876 3623 968 3672 aquam
980 3607 1078 3658 babet)
1102 3608 1136 3658 Et
1145 3607 1261 3658 Isidorus
1273 3608 1347 3670 Orig.
1358 3607 1405 3658 tib.

305 3681 344 3745 git
366 3682 463 3746 scalig.
482 3683 581 3745 Spouria
599 3685 664 3742 brae,
679 3685 778 3747 teneque
796 3699 835 3732 un·
877 3697 908 3731 u.
920 3697 944 3732 c.
956 3687 981 3731 3.
999 3683 1145 3745 ‘Spurcum
1158 3679 1272 3748 (riuum)
1286 3681 1406 3746 quedos-

304 3757 370 3818 lm's,
379 3759 420 3807 vet
433 3758 598 3822 braaspourir,
608 3759 664 3808 bene
674 3759 768 3808 autema.
788 3759 834 3808 Vo-
875 3758 937 3808 sarri
950 3773 1001 3808 nou
1014 3758 1084 3821 iicet,
1096 3766 1142 3808 aut
1159 3759 1200 3806 cui
1212 3773 1278 3822 aqua
1289 3757 1406 3807 admixta

304 3833 422 3897 lampio
431 3835 835 3899 rotuuir‚rpotrais,pruapapeudc·
875 3841 927 3897 est,
938 3833 1010 3898 quasi
1027 3832 1162 3897 spurium?
1196 3833 1248 3882 Sad
1261 3834 1294 3881 da
1305 3833 1405 3896 origiue

304 3910 349 3972 ria,
360 3912 515 3973 sponsaverit.
533 3911 615 3960 Idem.
874 3908 955 3960 faiam
973 3918 1013 3958 eat
1033 3907 1166 3958 Isidorus:
1185 3922 1243 3958 nam
1257 3923 1374 3972 spurcum,
1389 3923 1405 3958 a

336 3991 350 4026 Ρ
376 3985 491 4048 Spmcura
509 3986 602 4050 uiuum]
619 3987 659 4036 De
681 3988 741 4036 virro
763 3987 832 4052 quud
873 4001 937 4050 apuu.
955 3985 1038 4034 Idem.

302 4057 360 4108 Diis
372 4059 452 4109 iibara
461 4059 589 4112 nefastum
599 4060 751 4122 credebaut,
762 4062 832 4112 Ptin.
904 4067 917 4102 a
941 4057 1093 4123 Squalidurrr]
1110 4059 1258 4124 squalidum,
1279 4061 1403 4120 baum,

303 4134 831 4203 buxiacus.'anuentamretigiene
871 4141 896 4185 et
922 4137 1049 4198 sordidari,
1078 4137 1115 4184 ric
1144 4137 1313 4198 appeliatum,
1334 4137 1403 4200 qrrod

304 4209 359 4258 rita
370 4213 622 4276 coartat,prolibare
630 4213 689 4262 Diis
701 4211 831 4264 nefastum
873 4212 988 4275 proxime
998 4211 1030 4259 ad
1040 4224 1158 4274 squamas
1171 4212 1279 4274 piscium
1290 4213 1403 4264 accedit.

302 4285 415 4336 babetur
425 4286 494 4344 vino,
511 4295 608 4352 prater
619 4289 752 4353 imputata
764 4288 831 4350 ritis,
871 4287 968 4348 Itidem
979 4285 1078 4338 Ennius
1097 4285 1148 4336 dict
1167 4287 1292 4352 pallidum
1308 4285 1404 4354 aquali·
