3208 4938
280 311 349 380 856
627 323 742 374 euxrr
767 323 922 372 rourerr
947 321 1050 374 resur

325 489 403 554 que,
425 487 534 554 noque
547 469 618 535 olto
632 469 830 536 consistitur
843 476 1008 554 tompore.
1052 465 1138 534 Cato
1166 468 1210 533 do
1237 487 1274 533 re
1292 467 1378 534 miii·

326 573 412 638 tari:
434 569 541 636 Siue⁶
561 570 648 636 torte
662 589 749 654 opus
765 569 809 636 sit
824 587 944 645 cuneo,
956 574 1017 632 aut
1032 567 1143 650 globo,
1158 575 1217 632 aut
1238 566 1379 653 forcipe,

328 681 386 738 aut
400 674 556 749 turribus,
572 679 630 736 aut
644 689 749 750 serra,
767 670 816 735 uti
830 669 993 735 adoriare.

289 775 388 840 Serra
401 773 548 858 praeliari
563 771 786 852 dieitur,cum
800 770 934 837 assidue
946 771 1125 852 acceditur,
1138 789 1230 838 rece-
1243 771 1384 854 [Pauo.

327 875 497 960 diturque,
511 893 621 958 nequo
632 873 703 940 ullo
723 880 876 958 temporo
890 874 1096 940 consistitur.

288 977 479 1043 sertorem¹
511 975 646 1062 quidam
669 981 789 1061 potent
822 975 953 1040 dictum
982 994 1005 1040 a
1032 975 1234 1059 prendendo,
1257 975 1384 1056 [Fuso.

332 1079 413 1162 quia
427 1097 504 1144 cum
517 1076 665 1160 cuipiam
681 1075 823 1142 afferat⁷
844 1095 992 1155 manum,
1010 1073 1176 1142 educendi
1187 1076 1262 1161 ojus
1277 1075 1387 1160 gratia

332 1199 379 1246 ox
394 1181 554 1244 servitute
578 1179 614 1242 iu
635 1179 835 1258 libertatem,
856 1183 998 1246 vocetur
1022 1177 1183 1257 adsertor,
1204 1197 1282 1244 cum
1301 1178 1388 1244 veri·

334 1281 477 1348 similius
493 1281 540 1346 sit
553 1281 692 1360 dictum,
708 1281 768 1366 qui
787 1288 912 1348 sereret
926 1279 1021 1366 quid,
1037 1299 1079 1348 ac
1102 1280 1217 1365 potius
1241 1280 1388 1346 adserto-

335 1401 404 1448 rero
418 1401 441 1448 a
455 1381 598 1448 serendo
613 1383 747 1466 cepisse
758 1399 894 1462 nomeu,
908 1399 986 1448 oum
1002 1382 1151 1467 aliquem
1165 1391 1259 1448 serat
1271 1387 1388 1468 peteu-

335 1485 380 1550 do
394 1485 429 1548 in
443 1483 631 1552 libertatem
646 1484 798 1563 eandem,
813 1503 881 1568 qua
895 1484 971 1572 ipse
985 1485 1040 1562 sit,
1050 1484 1091 1550 id
1106 1485 1298 1569 estjuuget,
1310 1485 1390 1568 quio

336 1587 447 1669 fruges
462 1604 539 1650 cum
561 1593 728 1666 seruntur,
749 1594 847 1654 terrae
864 1585 993 1672 jungit:
1016 1587 1110 1671 quod
1128 1593 1234 1652 totum
1247 1585 1390 1653 Verrius

336 1684 473 1760 ἀπιθάνως
486 1683 692 1753 introducit.⁸

296 1788 462 1854 Seruilius
476 1789 590 1853 lacus·
612 1788 861 1873 appellabatur,
876 1798 944 1866 eo,⁹
958 1789 1017 1874 qui
1030 1809 1104 1854 eum
1117 1787 1310 1854 iaciendum
1331 1806 1392 1852 cu·

338 1893 470 1953 revecat
490 1889 526 1952 in
547 1889 710 1972 principio
724 1889 792 1954 vici
804 1888 916 1972 jugari
931 1891 1100 1954 continens
1112 1890 1265 1954 basflicae
1277 1888 1300 1954 J
1302 1889 1392 1963 uliae,

339 1993 373 2056 iu
388 2009 455 2076 quo
469 1989 549 2055 loeo
564 1989 652 2055 tuitb
666 1988 790 2074 effigies
803 1991 918 2078 hydrae
934 1991 1082 2076 positaa
1097 1989 1148 2054 Μ.
1164 1990 1328 2076 Agrippa.

754 2137 934 2160 lumem

331 2233 427 2285 ovet.
445 2233 503 2284 cod.
522 2233 630 2285 eiua-7
647 2233 710 2285 vet.
728 2233 787 2284 cod.
805 2235 959 2288 odom-a
975 2236 1025 2287 Ed.
1044 2235 1113 2288 Soet.
1135 2235 1329 2288 introducit-tt
1348 2237 1396 2288 Vir

301 2299 372 2350 doct.
384 2300 409 2349 in
422 2311 502 2363 marg.
512 2299 627 2362 eJuedern
638 2299 681 2350 ed.
692 2299 762 2364 conj.
770 2298 800 2350 ot
810 2313 844 2350 eo.

794 2461 905 2534 nuru

303 2575 384 2640 utputi
397 2575 487 2639 primes
501 2575 567 2627 eoiei
578 2576 832 2644 modotoeedebeut‚
871 2593 933 2630 nuru
951 2579 1060 2632 dicimur
1078 2595 1138 2632 cum
1150 2582 1234 2644 torte,
1248 2581 1287 2630 sio
1297 2593 1330 2630 er
1339 2580 1400 2644 jen

303 2652 548 2714 modoreeitiebeut,
558 2660 587 2702 et
598 2652 759 2704 reddebatur
769 2653 832 2704 den·
872 2669 949 2706 meru
965 2664 1114 2708 cornetum
1128 2671 1230 2720 roure,
1246 2658 1306 2707 titre
1325 2657 1400 2706 edre-

304 2734 360 2778 trtr
375 2727 495 2792 qaoedeur
511 2727 593 2780 imme
611 2729 639 2778 iu
657 2728 762 2780 medeor
779 2743 833 2780 eer-
872 2731 1401 2796 reremeouiuiibertrtem,cumpreher·

300 2808 352 2856 'raa
368 2804 432 2854 Duc.
873 2803 977 2856 duur:
993 2806 1069 2857 idere·

335 2889 346 2913 ⁸
372 2878 505 2942 cerem]
531 2880 581 2930 Vei
600 2894 618 2930 ι
639 2879 833 2946 preheudeodo,
899 2881 1402 2946 *derudiuheeeldenitiertrererppet-

262 3003 267 3016 ,
305 2958 358 3020 vel,
386 2957 456 3020 quod
482 2956 653 3015 verisimilius,
680 2973 697 3008 e
715 2957 834 3020 urendo,
872 2957 1148 3025 mactamur.
1167 2958 1403 3024 vicujugertuetn

306 3033 376 3099 qood
398 3032 424 3082 iu
445 3017 594 3083 tiberteteur
619 3040 699 3096 reret,
714 3033 763 3084 troo
783 3040 836 3097 eet,
874 3041 967 3086 uetere
986 3036 1057 3086 erote
1077 3035 1184 3099 regor·
1197 3036 1334 3086 avietore
1352 3049 1406 3086 ne·

301 3109 620 3174 junget,ioquitVerrioe,
628 3109 697 3176 quod
707 3115 790 3160 totum
802 3107 835 3159 ab
874 3119 991 3162 moretur
1000 3127 1006 3159 ι
1016 3110 1085 3180 idern
1096 3119 1124 3160 et
1130 3110 1284 3172 Thraeciae,
1292 3109 1405 3160 etimne

307 3201 339 3236 eo
350 3186 472 3243 troo-s,
488 3185 538 3236 hoo
550 3195 603 3248 ert,
617 3195 685 3238 ‘uon
697 3185 836 3252 prebeatu-
875 3199 928 3237 ιη
939 3185 1008 3250 sspte
1019 3194 1048 3238 et
1059 3187 1165 3238 Cereris
1177 3199 1234 3236 cour
1250 3187 1325 3248 riguo
1336 3185 1404 3234 Ver·

307 3260 368 3322 ter,’
386 3259 561 3310 introductum
572 3261 638 3312 dicit
657 3262 771 3313 Fertur:
790 3262 836 3314 red
876 3263 967 3312 tumui.
998 3263 1119 3319 domm,
1134 3261 1233 3326 opinor,
1248 3259 1405 3309 eccetvor-

307 3333 377 3384 idem
399 3349 445 3385 uos
464 3333 526 3384 tlibi
547 3335 639 3388 docuit
653 3339 762 3390 ederem
778 3351 837 3390 esee
876 3351 915 3386 ro.
949 3336 1175 3388 Diverrueerete
1190 3335 1407 3399 eimuogueutr-

309 3411 458 3474 admovere,
477 3410 546 3477 quod
563 3425 603 3474 ee,
618 3427 677 3478 qun
697 3414 723 3463 to
741 3419 837 3463 terreor
878 3410 981 3475 rto‚qni
993 3411 1019 3461 io
1030 3411 1121 3463 eedem
1132 3411 1184 3462 soit
1195 3411 1309 3476 regione.
1320 3424 1407 3462 eno·

308 3487 691 3552 demittuntur,eeridicuotor:
703 3488 839 3553 eurtgitar
877 3486 938 3538 deur
955 3487 1072 3538 Victore.
1105 3487 1183 3538 Itium
1202 3494 1290 3538 tuen
1309 3501 1408 3551 moy·

309 3565 332 3614 ie
343 3563 448 3628 proprie
462 3567 549 3622 mor,
566 3571 593 3614 et
608 3565 717 3614 eomer
733 3561 784 3613 diei
795 3577 841 3614 oa·
879 3577 936 3613 rrae
946 3561 1018 3612 mbir
1036 3563 1109 3614 Bous.
1127 3561 1274 3628 descriptor
1291 3575 1367 3612 uuun
1380 3568 1409 3612 et

310 3646 399 3706 queat,
419 3638 463 3706 qui
480 3653 593 3694 manum,
613 3640 654 3690 vet
672 3652 749 3689 mauu
767 3639 841 3690 edre·
880 3639 988 3688 eundem
999 3637 1121 3688 credidit.
1137 3638 1215 3689 iden.

311 3717 356 3779 rit,
373 3715 422 3765 troo
441 3721 491 3772 eet,
509 3727 613 3764 menum
635 3713 765 3777 admovet,
783 3715 842 3779 iojt·
912 3711 973 3763 Νι
990 3727 1036 3777 quo
1050 3713 1177 3778 hastoit]
1195 3713 1275 3776 Apuli
1291 3713 1410 3764 etsieuii

310 3791 356 3853 cir,
376 3803 452 3840 meou
470 3789 615 3854 pretendit,
633 3795 663 3839 ut
683 3789 798 3840 eiodiest
814 3791 841 3840 iu
881 3790 1103 3854 reiigionieeaan
1114 3787 1295 3840 fortibueeuie'
1305 3788 1409 3839 cimele-

311 3867 471 3918 libertatem.
513 3868 595 3919 certe
620 3865 695 3920 nimir
722 3865 841 3932 precipi-
881 3881 954 3918 uum
976 3865 1098 3917 Herculis
1118 3867 1294 3931 apponebant,
1311 3865 1411 3930 quiair

312 3950 401 3992 tenter
426 3942 469 3993 irie
486 3941 578 3992 Fertur
601 3955 647 3992 coe
666 3941 845 4006 reprehendit,
881 3940 1411 4008 exumteuyumquurpurgrrenr.1u·

314 4017 358 4081 qui
369 4025 496 4068 sertorem
506 4031 523 4068 a
533 4015 711 4081 serendo,hoe
722 4023 771 4080 ert,
784 4031 844 4080 pre·
882 4017 916 4069 de
928 4024 955 4070 et
964 4019 1081 4070 Thermos
1094 4017 1211 4070 Himera
1223 4017 1293 4068 rubis
1309 4017 1336 4067 io
1346 4016 1413 4068 stet·

313 4095 449 4146 hendendo
457 4095 554 4146 dicturo
566 4101 676 4160 putent:
694 4095 720 4144 iu
731 4094 769 4144 irie
777 4095 844 4144 Ver·
882 4095 928 4158 iis,
941 4095 1005 4146 itero
1016 4097 1085 4148 (Fan
1101 4095 1197 4145 orontis
1212 4101 1240 4144 et
1250 4093 1374 4158 Pytmu
1384 4093 1413 4145 iu

315 4171 472 4222 reticuere
485 4173 513 4223 h
525 4173 556 4226 1..
572 4171 634 4224 ‘Sic
645 4185 783 4224 conserere
791 4185 844 4224 me·
881 4170 1022 4235 iireerdie,
1030 4171 1145 4222 istutetr
1156 4168 1279 4226 Herculia
1287 4169 1412 4224 iuuante
