3208 4938
350 371 399 419 ns
423 371 630 424 strennuuu
654 371 966 429 stuutrseumosc
990 377 1062 430 ute.
1087 379 1185 431 xum
1249 369 1314 434 8³1

261 505 331 576 etms
355 513 526 578 clientium
551 515 699 581 millibus
722 518 856 604 quinque
874 521 987 605 egressi
994 530 1007 570 ⁵
1029 522 1174 589 aduersus
1197 525 1313 594 Etrus·

221 658 224 664 ·
260 635 334 692 cos,
355 616 399 680 nd
422 636 554 682 emnem
574 615 750 682 Cremeram
770 642 870 686 omres
885 633 956 686 suut
978 623 1161 692 interfecti:
1183 651 1251 714 que
1267 651 1313 696 ex

261 713 495 802 munufactum
508 729 563 800 est,
574 729 611 784 est
625 742 660 784 ra
677 731 773 805 portu
794 721 915 788 s'rstrnre
931 726 1086 808 egredive
1102 749 1188 793 emm
1201 731 1313 797 tater-

260 824 324 880 lter.

216 916 1311 1018 Sceleratus‘cnmpusappelleturprnpeportnmCelliunm,inquo

259 1021 396 1104 virgines
409 1021 547 1102 vestales,
560 1045 627 1108 pne
643 1024 790 1090 incestum
804 1029 963 1110 feceruut,
980 1031 1126 1100 desoseae
1138 1041 1215 1100 sunt
1226 1035 1311 1099 cive.

671 1199 854 1228 “umorue

248 1339 262 1381 o
281 1332 329 1382 Ed.
341 1332 410 1384 Scsl.
422 1335 530 1396 masis.

708 1493 815 1547 ΝΟΜ

246 1617 255 1652 ¹
269 1618 413 1684 Scelerntrr]
424 1615 540 1671 Suntlsic
549 1621 741 1689 quaedamque
780 1631 851 1675 tecto
863 1624 943 1676 fuisse
954 1642 1035 1692 suprn
1051 1630 1162 1680 relatum
1173 1637 1223 1682 est.
1257 1633 1309 1682 Pu·

213 1695 245 1745 sel
259 1696 329 1745 uliud
341 1695 446 1747 uerbum
462 1699 605 1764 pertinent,
617 1700 685 1764 quod
697 1700 741 1750 sd·
780 1703 831 1750 tesl
851 1709 937 1752 nutem
950 1704 1097 1766 impositum
1109 1705 1190 1755 luisse
1202 1707 1259 1756 loco
1270 1722 1310 1758 sn·

211 1771 262 1822 huc
274 1786 371 1837 querco.
387 1773 447 1823 Aut.
458 1773 524 1836 Aug.
778 1791 824 1826 ero
836 1779 947 1827 conditis
967 1778 1003 1828 ibi
1018 1777 1164 1842 fulguribus
1178 1795 1210 1829 ex
1222 1781 1309 1831 Plinio

245 1849 380 1898 tremate·
399 1851 505 1914 cunpsss]
535 1850 591 1902 Lis.
612 1851 657 1902 lib.
678 1865 741 1919 vtu-
779 1867 856 1917 supru
878 1855 905 1904 iu
927 1855 1012 1904 Neris
1032 1855 1083 1905 iicu
1108 1858 1257 1919 retulimus3
1282 1863 1310 1907 ct

212 1930 277 1972 sect.
291 1928 330 1974 te.
347 1923 403 1974 ‘Eo
415 1939 483 1974 nuno
494 1925 606 1976 Minutin
618 1927 740 1992 Verulis,
778 1943 846 1978 usrnc
859 1945 939 1980 ceusu
951 1938 1026 1995 petet
1039 1947 1119 1996 quere
1132 1934 1219 1996 putenl
1232 1933 1309 1982 Libo·

212 2007 334 2064 suspects
353 2001 435 2063 primo
454 2007 561 2064 prepter
581 2001 740 2052 mundiorem
778 2005 816 2053 uis
829 2005 940 2056 dicutur.
973 2006 1009 2056 At
1022 2007 1047 2054 iu
1059 2007 1218 2058 numismatis
1231 2007 1309 2058 Libo·

207 2073 281 2140 justo
293 2076 659 2141 cultum,iusimulntetleinde
671 2079 739 2143 sputi
778 2081 818 2129 uis
838 2095 889 2130 nou
908 2083 1040 2144 sacellum,
1058 2083 1104 2132 sed
1123 2097 1169 2132 sss
1185 2092 1241 2134 est:
1266 2083 1308 2134 cni

212 2149 354 2200 Pontifices
373 2151 405 2201 nb
417 2151 502 2202 iudice
519 2167 604 2216 serso,
620 2167 678 2202 cuns
695 2153 740 2203 de·
778 2155 816 2203 rei
833 2153 910 2204 tidem
923 2155 988 2206 l'eeit
1005 2159 1083 2206 etiem
1100 2158 1252 2222 Dionysius,
1264 2159 1308 2222 qui

210 2232 284 2274 creto
295 2239 383 2275 corum
391 2227 465 2290 jussu
482 2233 551 2276 esset
566 2228 644 2276 sacris
661 2227 739 2278 ebsti·
779 2231 814 2280 nit
825 2230 906 2292 βωμὸν
921 2233 1146 2296 superimpositum
1158 2235 1181 2282 ei
1199 2235 1256 2283 loeo
1268 2235 1309 2283 lu·

210 2301 464 2367 nere‚ismilinmquc
477 2304 501 2352 in
515 2311 646 2366 potestate
661 2304 739 2353 liebe-
778 2305 840 2356 isse:
868 2308 925 2366 sesi,
942 2313 969 2356 ut
992 2317 1112 2372 appetet,
1132 2323 1183 2358 unu
1206 2315 1307 2359 teutuus

210 2376 330 2440 re,sreto
344 2377 444 2441 jndicio
457 2378 514 2426 vivs
526 2379 574 2428 sub
591 2389 686 2429 terrem
706 2379 739 2430 ed
778 2382 821 2431 illn
841 2397 895 2445 ore,
915 2383 960 2432 sed
982 2385 1059 2431 etiem
1078 2385 1199 2432 sacellum
1218 2383 1307 2446 putesl

209 2461 309 2519 portem
330 2455 454 2504 Collinum
476 2453 571 2504 dextro
592 2456 635 2504 vin
657 2461 740 2506 struto
777 2455 945 2506 dictumest:
965 2457 998 2510 eb
1015 2456 1051 2518 id,
1065 2464 1138 2518 puto,
1149 2457 1207 2520 quta
1224 2457 1307 2507 incer-

210 2529 314 2578 defosse
330 2531 458 2579 scelerato
475 2544 575 2594 reuspo.
609 2531 694 2580 Credo
706 2530 738 2580 nb
777 2539 900 2582 tumeret
914 2531 956 2581 ubi
974 2531 1079 2580 conditu
1096 2541 1170 2580 erent
1181 2531 1305 2581 fulminat

209 2605 310 2655 incesto
335 2605 361 2654 id
381 2605 406 2655 ei
429 2607 488 2655 loco
510 2620 602 2654 nemen
623 2605 740 2658 sectum.'
777 2621 901 2656 euoenon
921 2607 998 2656 aliter
1017 2619 1120 2670 possum
1141 2608 1252 2656 culmum
1268 2607 1305 2656 iu·

209 2681 277 2731 vite
288 2681 396 2746 Dionys.
408 2688 434 2731 et
447 2681 582 2731 Plutarch.
600 2682 663 2732 Des.
776 2683 882 2746 (lucere,
893 2683 955 2747 quin
969 2683 1154 2738 terrestrum
1167 2684 1307 2746 posuimus,

241 2757 376 2806 Sceleratus
386 2755 492 2820 rumpes]
509 2756 597 2807 leisc:
611 2757 738 2824 Sacellum,
776 2759 923 2822 scripserit.
965 2757 1023 2808 Duo
1046 2765 1108 2808 suut
1131 2773 1189 2823 qun
1213 2767 1241 2806 te
1261 2759 1306 2808 nsl-

209 2836 268 2896 psosl
285 2833 366 2896 puteal
382 2833 737 2897 appelletur,nssteeutss'u‚ss-
776 2835 901 2884 monitum
916 2834 1002 2885 selim.
1032 2834 1129 2896 Unum,
1146 2833 1232 2896 poteri
1254 2847 1306 2883 nou

208 2912 243 2958 rit
253 2909 398 2971 &minoium
408 2911 447 2960 cni
461 2910 581 2972 negotians
591 2911 673 2959 dntssn
681 2911 738 2968 sue·
776 2923 831 2958 esse
847 2911 959 2959 tribuual
977 2909 1106 2973 preterit,
1123 2916 1152 2958 ut
1169 2909 1307 2960 voluerunt
1371 2948 1373 2954 .

208 2991 257 3042 ret,
273 2991 301 3034 ut
319 2984 466 3049 empsireret
482 2987 662 3049 melimelum
678 2987 738 3036 illuri
775 2987 896 3054 quidum:
916 3003 975 3038 uem
988 2986 1101 3037 tribunal
1119 2985 1215 3050 gradus
1226 2985 1305 3036 hebe-

207 3063 359 3111 rosserrrnit.
389 3061 739 3122 Quiniueolocoselguriluns
775 3063 830 3113 brt.
871 3063 1019 3126 Propterea
1047 3061 1159 3110 tribnuel
1187 3063 1306 3125 psaesislis

207 3137 315 3186 sorellnm
332 3135 396 3196 suit,
417 3136 477 3198 guod
497 3134 636 3196 ignorarent
649 3135 739 3197 fulgur
774 3137 861 3198 βαθμοὶ
883 3143 991 3187 vocetur
1010 3151 1024 3183 ι
1042 3136 1070 3184 S.
1093 3135 1164 3184 Luce
1183 3136 1208 3184 in
1229 3136 1305 3187 Actis

207 3211 335 3260 cruditum.
351 3211 411 3275 puori
425 3207 493 3270 nesus
503 3214 538 3257 est
551 3209 638 3270 integi,
648 3225 738 3272 semper
775 3213 969 3276 Apostolorum,
977 3216 1004 3260 et
1011 3208 1207 3272 tulwpnroesb
1214 3211 1306 3262 eodeni

207 3287 321 3336 lorunsire
336 3291 417 3350 operto
436 3287 519 3334 culum
536 3289 619 3348 polet:
644 3285 739 3336 sixest
775 3295 863 3337 mente
882 3285 908 3334 in
928 3285 1079 3348 Evangelio.
1112 3284 1233 3335 Alterum
1254 3295 1306 3350 est,

207 3369 238 3410 nt
258 3376 310 3410 non
331 3362 367 3410 ite
390 3361 526 3424 scripserit
543 3359 652 3409 Festus:
676 3375 735 3412 netu
775 3376 900 3411 nonense
918 3375 973 3409 eum
992 3375 1071 3424 erem,
1088 3375 1145 3425 qun
1160 3361 1306 3424 Symmachi

209 3451 256 3487 cur
281 3439 369 3500 puteal
390 3437 493 3486 Libonis
521 3435 665 3498 diceretur,
685 3437 736 3486 uisi
776 3447 802 3488 et
815 3436 1021 3488 Christianorum
1033 3434 1175 3502 Ambrosii,
1186 3439 1305 3489 Punden-

207 3513 269 3577 quin
284 3511 416 3562 conditum
435 3511 600 3563 nScribonio
620 3513 736 3563 Libone?
775 3513 815 3576 tii,
831 3513 991 3576 aliorumque
1009 3513 1198 3562 contentionlb.
1217 3513 1305 3574 exegi·

208 3603 265 3637 cum
277 3588 310 3638 ob
322 3589 468 3652 neglectam
479 3588 646 3638 bidentsliusu
659 3597 687 3637 et
699 3589 735 3637 lo·
775 3595 830 3636 tnts
842 3595 896 3635 est:
915 3583 982 3648 quod
996 3585 1099 3649 quidem
1118 3588 1212 3637 sciolus
1232 3589 1258 3637 iu
1275 3589 1305 3638 li·

208 3679 296 3714 cerum
307 3663 487 3728 fulguritorum
506 3665 654 3728 religionem
671 3664 734 3714 irem
776 3661 829 3710 bris
841 3661 891 3709 suis
901 3659 1038 3708 variorum
1050 3662 1158 3710 noterit.
1175 3661 1206 3711 l'd
1218 3671 1304 3714 temen

207 3737 320 3788 Deorum
334 3747 486 3789 vererentur
497 3739 628 3790 incurrere
641 3739 734 3788 Rotun-
776 3745 829 3787 tem
840 3735 931 3784 l'nlsum
944 3745 994 3792 est,
1006 3749 1080 3799 quem
1093 3737 1165 3801 illud,
1178 3739 1247 3802 quod
1259 3737 1305 3788 usl-

207 3815 244 3864 ui.
271 3814 381 3864 Videtur
391 3829 424 3864 ex
437 3813 562 3864 relatione
575 3813 734 3864 Pontificum
775 3813 824 3878 dit,
836 3813 860 3861 iu
878 3811 975 3876 putcnll
990 3810 1075 3874 Jururi
1093 3812 1196 3861 solitum
1215 3811 1304 3864 fuisse.

207 3890 339 3952 negotium
351 3887 440 3938 dntum
456 3889 591 3939 Scribonio
611 3889 703 3938 Liboni
719 3905 735 3938 u
775 3887 891 3953 imponit
900 3885 1016 3936 omuibus
1029 3885 1097 3935 Aeso
1107 3889 1174 3937 mele
1186 3889 1305 3940 intellec-

207 3971 348 4026 scuntu‚ut
360 3963 558 4028 diligentissime
570 3965 735 4027 conquireret
776 3970 827 4025 tus,
846 3963 890 4026 qui
910 3960 977 4011 dixit
998 3959 1109 4008 trlbunul
1133 3964 1251 4024 pretorio
1270 3965 1303 4014 sd

207 4039 310 4090 sacella.
343 4040 426 4088 Erunt
448 4045 535 4088 sutem
563 4037 657 4086 sucelln
683 4052 734 4087 unu
775 4040 863 4103 puteal
876 4037 972 4088 fuisse:
990 4049 1039 4084 uon
1048 4041 1133 4086 nutem
1144 4041 1231 4100 puteal
1240 4037 1303 4088 fuls·

206 4129 309 4180 semper
319 4114 429 4177 nlicujus
441 4115 502 4180 Dei,
514 4112 560 4163 sed
580 4117 674 4178 suptus
686 4112 734 4162 ful·
775 4121 803 4163 s'e
815 4114 929 4164 tribuual
942 4109 1069 4174 pretorii.
1084 4111 1136 4161 los.
1149 4111 1213 4162 Seri.
1249 4113 1303 4164 sert

207 4191 294 4256 guris:
329 4189 397 4241 uude
419 4189 504 4240 omnin
525 4189 621 4241 secelln
642 4197 734 4254 aperto
775 4201 911 4254 perpetuus
923 4183 1048 4248 scaliger,
1060 4184 1103 4250 qui
1115 4199 1172 4238 cum
1189 4191 1304 4255 superio·
