3208 4938
346 427 395 473 an
420 425 626 474 vannonun
651 425 960 473 elauserennroun
985 427 1059 474 niu.
1082 425 1181 473 xvir.
1247 409 1312 474 sat

259 571 422 654 patricius
437 567 523 646 ordo,
537 579 667 654 rogante
674 568 819 652 potnlcio,
834 568 896 632 sais
909 566 1074 652 uffragiis
1083 569 1204 651 jussits
1228 565 1310 652 quod

260 683 365 756 autem
378 669 485 757 aliquo
500 670 712 755 interrogante
727 689 771 735 ex
786 671 940 754 patribus
956 678 991 734 et
1010 669 1098 754 plebe
1120 667 1314 756 suffragante

260 775 369 838 scitans
389 784 474 850 esset,
497 773 533 836 ie
544 773 625 857 jam
649 774 738 854 leges
761 774 890 855 scripte
911 771 1104 836 ditabuntur.
1150 769 1215 834 Set
1233 770 1316 834 illud

257 875 473 961 plebeiscitum
493 884 556 954 est,
572 874 664 958 quod
679 873 757 938 ΤΒ.
778 874 851 940 PL.
867 873 930 937 sinc
940 873 1082 959 patriciis
1088 870 1213 957 plebeia
1220 894 1315 956 roga·

259 982 319 1058 vit,
341 979 376 1043 id
400 985 463 1056 ost,
487 975 664 1054 consuluit,
682 975 843 1062 plebesque
864 975 976 1040 sciuit:
996 976 1116 1060 plebes
1131 984 1244 1040 autem
1259 985 1315 1040 est

260 1078 358 1147 mstis,
367 1077 501 1162 populus
513 1087 628 1161 prater
641 1087 796 1141 senatores
809 1087 840 1142 et
855 1083 976 1161 praeter
991 1078 1166 1161 patricios

219 1180 307 1246 Saltu
321 1177 436 1267 fuscae,r
456 1199 518 1263 pro
544 1179 635 1243 bona
656 1178 756 1256 facia,
772 1180 858 1244 alins
870 1179 969 1242 bonis
987 1199 1045 1263 pro
1064 1176 1148 1242 scitis
1168 1199 1188 1240 a
1202 1177 1315 1261 politis

260 1290 474 1366 usurpantur.
516 1281 684 1346 Terentius
699 1280 734 1342 in
746 1277 945 1356 Phormione,
958 1279 1060 1358 Satis,
1074 1280 1193 1362 inquit,
1209 1281 1314 1346 scita:

195 1377 202 1386 ’
260 1393 295 1452 et
310 1383 696 1464 Heautontimorumeno)
724 1381 774 1448 At
790 1385 826 1446 'si
846 1384 948 1460 scias,
964 1401 1065 1464 usnam
1086 1384 1168 1445 scite
1183 1381 1220 1444 in
1231 1401 1315 1444 men-

260 1496 320 1548 tnn
334 1486 452 1550 venuit
463 1507 473 1546 .·
485 1484 511 1524 ¹⁶
525 1491 564 1548 ut
579 1483 705 1548 Ennius
720 1484 755 1546 iu
770 1484 855 1549 libro
869 1491 987 1548 sexto:
1013 1483 1141 1548 Lumen
1208 1531 1216 1546 .

261 1631 1045 1650 .........
1077 1586 1182 1649 scitus
1197 1603 1313 1668 agaso.

217 1687 359 1774 Scorta⁸¹
382 1687 592 1772 appellentur
614 1686 785 1750 meretrices
806 1707 843 1750 ce
862 1686 1089 1752 cousuetudine
1112 1688 1314 1752 rusticorum

259 1791 324 1877 qui,
340 1801 376 1856 ut
392 1801 435 1854 cst
450 1789 537 1873 apud
550 1789 711 1854 Atellanos
730 1790 885 1875 antiquos
901 1791 1058 1854 solebant
1070 1789 1171 1853 dicere
1185 1810 1215 1852 se
1228 1797 1314 1851 attu-

260 1893 335 1958 lisse
354 1915 416 1976 pro
438 1901 535 1956 scorto
558 1892 795 1976 pelliculam„¹⁷
824 1893 935 1956 omnia
955 1913 1087 1977 namque
1116 1911 1153 1954 ea
1182 1889 1315 1975 pellibus

249 1992 357 2079 factu,
370 2005 486 2058 scorteu
501 1990 730 2077 appellantur,
745 2004 775 2058 et
802 1992 934 2070 Scortes,
954 1993 990 2058 iul
1009 2004 1063 2073 nt,
1083 1992 1178 2078 pelles
1193 1995 1314 2058 testium

261 2096 496 2174 Arietiuurum,
508 2099 554 2162 ab
567 2097 675 2162 isdem
689 2096 812 2160 scorteis
822 2095 956 2180 pellibus
968 2095 1054 2162 ldans
1074 2094 1202 2160 Verrius
1216 2095 1314 2160 cliuus

260 2219 335 2264 esso
356 2200 412 2263 ait.

217 2300 332 2366 Scorta
355 2301 563 2384 appellantur
588 2301 781 2365 meretrices
796 2299 889 2384 quia,
911 2304 949 2363 ut
977 2300 1156 2382 pelliculae,
1178 2299 1314 2382 [Paua.

259 2403 471 2485 subigantur:
507 2405 619 2468 omnin
646 2421 788 2485 namque
817 2423 861 2466 ex
891 2403 1035 2485 pellibus
1065 2401 1156 2465 santa
1179 2411 1315 2466 scortea

260 2507 480 2590 appellantur.
517 2506 669 2584 Scortcs,
683 2506 716 2569 id
731 2513 794 2580 ost,
808 2503 917 2588 palles
932 2505 1068 2568 testium
1081 2503 1307 2579 arietinorum,

260 2608 303 2671 ab
318 2607 442 2671 eisdem
456 2607 604 2691 pellibus
619 2605 760 2672 dicte*

674 2771 851 2792 “vimnau

249 2891 278 2936 15
296 2888 354 2938 Vnt.
373 2885 430 2936 cod.
447 2889 587 2952 pleps—lb
604 2887 653 2938 Ed.
673 2889 741 2938 Scsl.
762 2889 919 2940 Veneri-li
939 2887 1004 2938 End.
1027 2885 1069 2936 ed.
1088 2884 1314 2935 delicularum—18

127 2922 132 2930 ’
215 2951 412 3002 uniusne.

710 3115 816 3166 NOTAE

216 3236 245 3278 si
256 3228 332 3292 plebe
344 3225 505 3289 suffimenta
516 3227 608 3276 sritnrn
624 3236 702 3287 esest,
719 3229 745 3275 isl
787 3229 862 3278 Iolen.

216 3315 270 3355 tuns
290 3307 370 3366 ingens
388 3304 513 3366 scripturn
532 3303 630 3352 siletusn
647 3302 745 3365 ἥιιιιος
818 3300 1314 3368 suenc1vmennvmcttnvndo

216 3382 259 3430 len
271 3383 339 3430 enim
351 3383 456 3444 proprie
467 3380 603 3430 slicsbstur
615 3382 682 3444 quoti
695 3381 744 3429 l’u-
786 3381 858 3444 ling.
873 3383 929 3430 Lat.
946 3381 1005 3428 Ast.
1016 3381 1081 3440 Aug.

217 3459 294 3522 pulnn
311 3458 439 3506 liosnanus
457 3459 579 3519 comitiis,
597 3460 637 3508 sel
654 3467 743 3508 centn·
817 3457 903 3507 Sourta
922 3454 1084 3520 appellentur]
1111 3455 1185 3504 l'nrr.
1207 3453 1252 3504 lib.
1275 3467 1314 3502 ιν.

216 3534 300 3592 sistis,
311 3532 353 3581 uel
368 3533 483 3597 tributis,
498 3535 540 3582 sel
560 3535 676 3590 sisnstls.
692 3549 744 3584 nuo
784 3533 919 3582 ‘Scortnl
941 3541 982 3581 est
1004 3531 1098 3594 sepius
1123 3530 1313 3580 meretriculam

216 3611 302 3672 aliquo
314 3623 329 3656 e
341 3609 530 3672 magistratibus
548 3611 688 3674 majoribus
706 3611 742 3660 ia·
784 3607 1044 3674 inneneuuendiun
1063 3621 1077 3656 a
1098 3609 1175 3671 pelle.
1204 3605 1235 3654 ld
1247 3605 1313 3652 enirn

216 3693 375 3747 arrogante,
389 3685 469 3732 veluti
480 3686 595 3746 consule,
604 3685 745 3734 coustitue-
784 3699 835 3733 non
847 3685 928 3733 sobsrn
940 3685 1036 3748 antiqui
1054 3682 1177 3732 dicebant
1192 3689 1316 3742 soonam,

217 3761 272 3811 bat.
285 3761 383 3812 lustin.
395 3763 409 3824 t
420 3764 444 3811 4.
461 3763 504 3810 De
507 3762 568 3824 juro
579 3769 649 3812 sutis.
666 3761 728 3812 linc.
782 3758 829 3808 sed
847 3760 927 3808 etism
944 3771 1011 3808 nune
1027 3758 1136 3808 dicimus
1154 3766 1266 3816 ceneten,
1283 3771 1315 3806 es

248 3834 258 3870 ¹
272 3835 423 3896 Seitssncis]
435 3836 500 3886 Qun
513 3839 538 3885 iu
550 3835 601 3885 tina
613 3838 743 3886 asteriscis
784 3851 842 3898 qun·
855 3851 886 3884 su
898 3837 970 3884 rosto
990 3843 1017 3885 et
1034 3835 1145 3898 pellibus
1164 3842 1224 3881 suus
1234 3831 1315 3882 facts.

215 3921 304 3964 notata
323 3913 497 3972 reinstaura,
512 3913 742 3963 iniisuoctusnssns
783 3913 850 3962 lude
873 3913 897 3959 in
921 3913 1020 3976 sliquos
1049 3911 1129 3959 saeris
1158 3923 1190 3956 nc
1213 3909 1314 3956 sacellis

215 3994 266 4041 iter
277 3991 390 4040 consulis
403 3989 443 4037 sel
455 3989 522 4037 slisss
533 3988 666 4052 cujusdam
683 4003 743 4038 suc·
783 3989 908 4050 seriptum
920 3987 1053 4049 habemns,
1065 4000 1098 4034 ne
1110 3983 1173 4050 qnid
1185 3991 1314 4032 scorteum

217 4067 323 4116 scritate
334 4064 438 4128 proseliti
455 4063 620 4112 describebat
638 4065 743 4126 Ennius,
783 4064 945 4120 adhibeatur,
958 4063 1016 4111 idso
1027 4075 1060 4110 ne
1078 4060 1239 4109 morticinam
1253 4059 1314 4121 quiid

216 4145 257 4194 eui
287 4157 364 4206 agaso
393 4141 571 4205 prselneelssts
605 4141 744 4191 luminibus
784 4139 859 4188 adsit.
883 4140 913 4188 ln
928 4137 1058 4188 Atellanis
1073 4137 1136 4184 licet
1153 4134 1315 4184 animaduor·
1353 4139 1357 4150 '

215 4220 282 4268 enim
295 4225 321 4267 et
337 4215 439 4266 sceibus
459 4216 485 4264 iu
501 4216 670 4266 conficiendis
685 4231 746 4267 noe·
784 4225 842 4265 sere
854 4215 961 4264 rusticos
973 4212 1107 4272 elisamae
1120 4211 1257 4262 anicianae
1268 4227 1314 4275 pro

215 4294 296 4344 turnis
315 4291 450 4343 itineribus
466 4293 575 4342 Veteres
597 4293 746 4344 utebantur.
786 4297 872 4342 scorto
884 4287 1049 4355 pelliculam!
1066 4287 1127 4336 Duc.
