3146 4932
331 426 396 492 484
667 437 778 488 snxrt
804 437 958 487 ronrntr
983 437 1087 486 rnsrr

374 583 492 659 derint,
522 579 686 646 Antiocho
724 599 800 663 rego
831 580 938 664 Syrioe
967 582 1134 662 superato,
1157 576 1210 642 Μ.
1223 583 1249 616 ¹²
1265 576 1412 646 Acilium

373 685 543 747 subtracta
570 699 592 744 a
616 680 757 764 populo
775 679 877 744 Rom.
901 680 1108 763 adportasse,
1139 687 1241 761 atquo
1263 680 1321 743 nbi
1341 687 1415 746 eunt

371 783 542 866 posuisse:
564 782 664 846 etiam
684 799 762 864 quae
773 784 796 828 ¹³
812 787 916 864 captu
931 779 1088 847 Corintho
1110 785 1230 845 avecta
1244 779 1322 859 huc,
1337 799 1412 864 qnae

373 885 420 948 ibi
431 883 585 968 subjecta
600 881 717 946 suerint
730 899 868 945 monson.

330 981 670 1065 Nontnnrr·antiqni
692 1000 751 1065 pro
776 989 857 1046 noto
885 983 1061 1064 ponebant,
1085 987 1119 1045 ot
1143 981 1276 1064 quidem
1300 1001 1361 1064 per
1380 983 1413 1048 G

370 1086 593 1162 literam,¹⁴ut
613 1083 755 1147 Plautus
775 1083 810 1146 in
832 1081 1020 1147 Pseudolo:
1047 1081 1230 1163 Peregrina
1244 1081 1349 1146 facies
1364 1083 1414 1146 ri-

369 1186 465 1251 detur
486 1184 641 1260 hominis,
657 1191 760 1268 atque
782 1183 964 1265 gnobilis.¹⁵
994 1190 1030 1246 et
1054 1183 1161 1247 oculis
1176 1183 1262 1246 meis
1278 1183 1413 1248 obviam

369 1286 513 1369 gnobilis
531 1285 698 1368 objicitur.
741 1282 856 1348 Attius
881 1283 915 1346 in
938 1281 1146 1348 Diomede:¹’
1168 1282 1256 1365 Ergo
1280 1302 1333 1347 me
1348 1282 1414 1348 Ar·

370 1406 431 1470 gos
445 1386 607 1450 referam:
628 1403 705 1449 nam
729 1385 784 1449 hic
809 1404 883 1448 sum
895 1383 920 1424 ¹⁶
940 1383 1090 1466 gnobilis·
1136 1383 1256 1447 Livius
1280 1384 1315 1446 in
1334 1382 1412 1448 Vir-

370 1506 433 1569 go:
456 1485 660 1550 Ornamenta
673 1484 829 1551 incedunt
845 1485 973 1566 gnobili
984 1492 1009 1534 ¹⁷
1025 1485 1194 1566 ignobiles.

327 1587 485 1651 Nobilem
505 1587 630 1670 antiqui
652 1606 715 1670 pro
742 1594 824 1651 noto
850 1587 1027 1668 ponebant
1083 1584 1245 1649 Plautust
1275 1583 1410 1664 [Pron.

371 1687 548 1770 Peregrina
562 1688 678 1764 facies,
693 1694 796 1771 atque
811 1688 976 1770 ignobilis.

328 1787 542 1853 Noctilucam
565 1787 714 1852 Lucilius
726 1807 804 1852 cum
815 1789 912 1866 dixit,
928 1789 1122 1852 obscoenum
1137 1784 1337 1868 significat.¹⁸

313 1887 562 1954 'Noctilucam‘
577 1889 726 1954 Lucilios
741 1908 814 1953 cum
829 1887 930 1965 dixit,
944 1886 1005 1951 lib.
1019 1885 1054 1969 ij.
1075 1887 1264 1950 obscoenum
1283 1885 1411 1968 [Frsr.

368 1987 692 2073 signficatuocticulo.

357 2369 388 2414 la
404 2365 452 2415 Vir
470 2363 541 2414 doct.
559 2365 586 2413 in
599 2377 678 2426 merg.
690 2363 732 2414 ed.
749 2365 816 2415 Scel.
833 2365 938 2428 conjicit
953 2365 1134 2414 dionisia—lt
1151 2363 1210 2412 Vet.
1220 2361 1265 2412 lib.
1281 2363 1329 2425 qut
1358 2363 1406 2414 Vir

323 2430 394 2480 doct.
404 2429 471 2492 conj.
481 2443 534 2491 pse.
566 2428 633 2478 Vide
645 2429 801 2479 Noton—14
816 2429 876 2479 Vei.
891 2429 948 2479 cod.
965 2444 1031 2492 proc
1042 2430 1183 2477 litera-1⁵
1200 2425 1261 2474 Vet.
1270 2425 1327 2475 cod.
1337 2427 1405 2486 igne-

321 2495 450 2544 bs'lis.-ld
466 2491 519 2542 Pto
528 2507 579 2541 non
590 2493 629 2542 sir
639 2492 709 2542 doct.
721 2492 748 2541 in
760 2507 840 2556 marg.
851 2491 893 2543 ed.
904 2494 971 2543 Suel.
984 2492 1090 2555 conjicit
1103 2493 1239 2541 sem—li
1258 2489 1405 2550 tegendum

322 2565 411 2606 monet
422 2557 489 2607 Sesl.
500 2557 543 2620 qni
555 2571 611 2606 coru
624 2557 692 2606 Dte.
706 2555 736 2604 ri
752 2557 867 2618 metita
885 2557 1014 2606 abundsre
1035 2563 1134 2615 censet,
1150 2553 1236 2604 dicius
1251 2553 1278 2602 is
1293 2553 1407 2616 Virgine:

324 2620 692 2682 commemoraremus.
708 2620 835 2670 Vetcod.
852 2619 933 2668 mliii.
966 2619 997 2668 ln
1009 2626 1083 2668 textu
1094 2618 1136 2668 ed.
1147 2619 1217 2668 Sccl.
1236 2623 1309 2668 extat
1325 2618 1404 2668 tusa·

262 2691 264 2698 '
321 2685 380 2735 dest
390 2699 437 2750 pso
447 2684 629 2734 incederat-ld
645 2682 677 2732 ln
689 2683 747 2732 ead.
758 2683 799 2734 ed.
810 2683 866 2733 ltaec
875 2683 942 2733 linos
952 2682 1029 2733 Penli
1040 2683 1123 2733 deest.

813 2843 919 2896 NO'l'AE

352 2966 363 2992 ⁸
385 2955 506 3017 Nobiles]
530 2954 555 3004 A
579 2969 657 3015 nosco,
672 2954 736 3011 soci,
752 2959 841 3018 susm,
880 2957 1086 3019 smihgsrsmel
1104 2955 1189 3020 potius
1206 2955 1402 3018 rotomac-

318 3033 451 3092 mortuus
463 3045 478 3079 e
491 3035 587 3089 sactum,
596 3029 697 3078 sectilia
727 3027 840 3096 Antiqua
879 3032 983 3082 mendst
993 3033 1110 3096 Scaliger
1121 3031 1147 3080 in
1164 3029 1346 3094 conjectsneis,
1357 3028 1403 3078 ad·

315 3105 419 3168 gnobilis
436 3104 524 3154 addito
538 3119 566 3166 g,
577 3111 606 3153 ut
622 3103 749 3167 ‘gustus,'
765 3104 840 3169 ‘gm-
878 3106 968 3173 dltque
985 3122 1041 3157 eam
1060 3121 1147 3156 rocem
1169 3117 1305 3168 usurpasse
1326 3103 1402 3154 Luci·

317 3180 379 3243 tus,’
389 3179 520 3244 ‘gustus'
536 3180 621 3230 locus
632 3179 720 3230 Plauti
731 3195 746 3230 e
758 3181 840 3230 Pseu·
877 3182 939 3233 lium
951 3197 997 3247 pro
1009 3182 1195 3244 obscoeuo,hoc
1206 3187 1255 3236 eet,
1266 3180 1326 3228 unali
1338 3180 1401 3230 otni-

317 3256 369 3306 dol.
386 3261 437 3307 set.
448 3269 486 3307 st.
496 3270 533 3306 sc.
546 3259 584 3305 ll.
618 3255 669 3305 Sed
685 3255 722 3306 ibi
729 3256 839 3318 ignobilis
878 3257 1025 3323 uis‚queles
1043 3264 1102 3306 sunt
1110 3256 1233 3318 bubones,
1249 3260 1294 3303 sut
1304 3253 1401 3303 similes

315 3331 391 3381 lrodie
409 3330 593 3394 sectelegitur.
626 3329 658 3379 ld
673 3337 724 3392 est,
738 3332 838 3394 ignora·
877 3345 937 3382 uses
948 3339 1025 3382 noctu
1036 3331 1162 3395 lugentes.
1195 3329 1247 3380 Sed
1265 3329 1304 3378 sic
1320 3329 1399 3378 etism

316 3404 382 3462 bilis,
392 3407 503 3471 ignotus.
535 3404 597 3459 Iste,
608 3406 795 3455 nmium:
811 3406 837 3455 id
877 3420 949 3457 recte
966 3407 1105 3456 rectilineum
1124 3404 1256 3468 scripserit
1277 3402 1402 3466 Lucilius,

314 3490 364 3545 est,
376 3490 404 3532 et
414 3481 483 3530 idern
494 3479 612 3542 Plautus,
628 3481 700 3530 oculis
719 3481 786 3543 mdc,
796 3484 836 3545 ige.
876 3485 1085 3546 proaoctilsgom.
1118 3483 1229 3535 Quidem
1246 3483 1334 3546 legunt
1344 3495 1410 3542 soc-x

214 3605 220 3614 ,
314 3555 835 3608 ePseudol.st.l.‘0ulocullsu1eisob·
875 3557 1126 3620 tipsgweretsurn
1137 3557 1318 3620 intelligentes,
1329 3556 1399 3620 quod

313 3634 380 3684 riam
388 3631 537 3698 ignorabilis
547 3629 668 3693 objicitur
676 3630 694 3679 i'
711 3629 772 3680 Dae.
875 3643 952 3683 nocte
964 3641 1069 3698 punget.
1086 3635 1120 3684 Et
1127 3635 1183 3684 hec
1193 3640 1302 3683 estsere
1310 3632 1400 3696 lectio,

344 3708 455 3758 lAttius
471 3707 498 3755 is
513 3703 638 3766 Diomede]
667 3703 735 3754 Attii
756 3705 835 3756 verbs
874 3709 1010 3771 ntoptitue
1027 3723 1132 3773 mugnus
1143 3708 1279 3758 Salmasius
1294 3707 1397 3770 insoli-

311 3782 349 3834 eic
360 3783 437 3833 slibl:
455 3783 508 3843 Ego
519 3782 641 3843 meArgos
649 3781 835 3844 consonarum
874 3797 943 3832 unm.
964 3783 1008 3834 lte
1018 3783 1094 3846 enlm,
1105 3784 1198 3848 iuquit,
1210 3781 1323 3832 Lucilius
1333 3795 1395 3832 con·

311 3857 536 3920 losumgnols'lis,
546 3857 583 3905 Ne
592 3858 631 3907 cui
638 3872 761 3920 cnaosccr
768 3864 832 3908 soto.
872 3861 951 3908 tretia
963 3860 1146 3923 compositione
1153 3858 1227 3908 tinxit
1237 3857 1397 3920 noctipsguss,

311 3933 392 3983 Idem.
871 3934 986 3984 alludens
996 3936 1028 3984 ed
1044 3937 1183 3998 eolipsgom,
1199 3947 1275 3998 qusnr
1288 3932 1394 3992 ἥλωκεν-

342 4016 353 4041 ⁰
369 4005 528 4069 Noctilucam]
551 4004 651 4055 Deerat
662 4007 744 4069 prima
754 4006 830 4068 llnee,
869 4009 936 4072 rpite
952 4013 1059 4076 exponit
1077 4010 1163 4061 Gloss.
1177 4011 1204 4058 in
1224 4016 1276 4058 vet.
1291 4009 1348 4057 cod.
1359 4009 1393 4058 V.

311 4095 369 4144 qirte
386 4081 471 4133 forsan
495 4081 638 4132 adhaeserat
660 4077 730 4144 post'
746 4081 841 4140 noem„
870 4085 909 4135 cl.
926 4085 1046 4136 Merserit
1060 4085 1156 4135 diserte
1171 4085 1295 4147 scriptum
1316 4083 1393 4132 socts'·

310 4157 445 4206 Postreme
465 4165 525 4208 sunt
546 4155 637 4206 Lucilii
657 4154 745 4205 verbs.
777 4155 829 4206 Sed
868 4175 941 4226 sugo,
960 4175 993 4210 ex
1008 4175 1058 4226 quo
1078 4159 1158 4216 iactu,
1173 4159 1223 4211 fuit
1240 4157 1392 4208 feciledivi·

310 4245 358 4296 pro
378 4229 523 4296 noctitscost,
536 4233 683 4296 redducam,
712 4232 760 4284 lsoc
781 4238 829 4298 eet,
868 4249 930 4287 nare
947 4237 1079 4301 sosoma,
1100 4235 1145 4286 scd
1166 4241 1267 4286 ueteres
1287 4231 1389 4285 Glossa
