3180 4920
288 423 337 470 on
362 417 569 469 vnnnouuu
592 418 906 468 stourrrcnrroun
931 420 1005 468 nra.
1029 421 1112 470 xvr.
1198 405 1262 470 721

171 561 375 628 Ratumena¹
397 571 494 648 porta
508 583 529 629 u
542 563 675 628 nornine
688 563 761 648 ejus
783 563 951 648 appellata
973 553 1035 642 est,
1057 566 1117 648 qui
1137 565 1263 632 ludicro

215 665 395 730 certamine
405 664 575 749 quadrigis
587 666 694 732 victor
705 666 869 730 Etmsoi¹¹
881 664 1013 748 generis
1019 664 1152 748 juvenis
1165 665 1264 732 Veiis

216 768 435 832 consternatis
445 771 471 804 ¹²
493 768 591 852 equis
612 759 778 834 excussus
802 767 926 832 Romae
948 769 1069 851 periit:
1101 767 1161 852 qui
1187 769 1265 852 equi

214 869 361 934 feruutur
373 887 440 933 non
456 875 532 934 ante
547 869 750 947 constitisse,
766 887 867 951 quam
881 869 1095 952 peruenirent
1113 869 1149 932 in
1163 865 1268 952 Capi·

214 969 345 1044 tolium,
381 975 666 1055 conspectumque
696 969 850 1035 fictilium
879 971 1154 1054 quadrigarum‚¹³
1188 989 1267 1055 qum

216 1074 311 1136 erant
324 1071 358 1134 in
369 1069 504 1154 fastigio
517 1069 540 1135 J
542 1072 616 1134 ovis
631 1071 757 1153 templi,
780 1089 866 1156 quas
880 1071 1055 1138 iaciendas
1074 1073 1269 1138 locaverant

216 1169 362 1236 Rornffi
376 1171 514 1238 Veienti
524 1180 552 1222 ¹4
573 1173 709 1238 curidum
730 1174 811 1240 artis
833 1173 981 1256 figulinae
1003 1174 1169 1257 pmdenti,
1190 1195 1268 1260 qum

217 1272 309 1338 bello
325 1280 402 1338 sunt
415 1275 636 1357 reciperuteer
657 1275 738 1358 quia
758 1276 792 1338 in
812 1274 948 1340 iornoce
963 1275 1049 1339 odeo
1063 1281 1268 1354 crevennum

216 1381 257 1439 ut
268 1375 372 1440 eximi
385 1377 578 1460 nequirent:
600 1377 702 1461 idque
723 1377 912 1462 prodigium
926 1377 1122 1461 portendere
1134 1377 1271 1443 ridebe-

216 1487 282 1558 tur,
303 1477 339 1541 iu
361 1497 430 1560 qua
451 1478 591 1545 ciuitate
612 1499 663 1546 cae
686 1479 839 1558 fuissent,
862 1479 1011 1545 omnium
1034 1498 1109 1548 curu
1123 1478 1269 1544 futuram

217 1580 497 1662 potentissimam.
1174 1575 1178 1582 ’

635 1712 817 1738 ΟΙΝΝΟΟΙΝΟ

207 1825 238 1873 ll
256 1823 316 1874 Vct.
334 1823 394 1874 cod.
412 1825 595 1878 clarum—12
619 1831 680 1880 Vst.
699 1829 756 1879 cod.
782 1788 1094 1878 voluntatemne-lt
1120 1823 1269 1890 Lugendum

175 1894 265 1938 monet
274 1889 342 1938 Ecat-
352 1889 379 1938 ia
389 1897 536 1954 anapestum
545 1896 725 1957 quudrr'gmss.
752 1890 1133 1956 Dac.euaapectanqseflctitt'sau
1144 1893 1272 1954 qaudn'gu.

175 1957 312 2040 qaas-lt
321 1953 383 2004 Vet-
394 1955 452 2004 cod.
469 1955 579 2018 Vegeats'.

670 2110 776 2161 NOTAE

176 2220 222 2271 lib.
235 2235 338 2272 xxxur.
348 2237 408 2289 cap.
425 2229 449 2274 t.
475 2223 564 2274 ‘Nota
578 2225 644 2286 aema,
653 2225 704 2274 bec
745 2225 950 2289 protermiserit,
960 2225 1027 2290 quod
1038 2225 1064 2275 in
1073 2225 1197 2275 miraculo
1206 2239 1273 2288 pra·

176 2305 228 2358 eat,
238 2298 311 2360 usis,
320 2297 372 2349 fuit
390 2314 423 2348 ex
441 2297 522 2349 altera
538 2308 612 2364 parte
623 2300 705 2350 ,lanua
745 2302 858 2364 cipuum,
874 2315 967 2366 nempe
978 2302 1104 2351 ludicrum
1116 2301 1179 2352 illud
1190 2307 1274 2350 uerta-

176 2374 310 2438 gerninus:
328 2391 361 2424 ex
372 2377 455 2425 ultera
466 2382 573 2426 rostrum
585 2377 665 2436 naris,
677 2378 705 2426 iu
744 2389 803 2423 man
811 2376 884 2424 Veiis
896 2385 981 2425 nutum
990 2375 1079 2438 tuisse,
1088 2375 1157 2425 unde
1165 2389 1275 2425 excusso

174 2449 273 2499 triante
300 2465 362 2499 vero
388 2455 416 2498 et
443 2449 586 2515 quadrante
617 2451 705 2500 rates?
747 2449 845 2512 auriga,
856 2451 898 2513 qui
912 2457 1002 2512 postea
1015 2452 1103 2498 Romus
1116 2441 1205 2512 p'eriit,
1217 2465 1274 2500 rec·

177 2525 331 2590 Quanquam
349 2525 435 2574 Varro
453 2527 498 2575 lib.
518 2539 557 2576 ιν.
575 2526 609 2576 de
627 2528 658 2575 1..
676 2527 705 2576 L.
747 2531 775 2574 ta
786 2525 818 2574 ud
830 2525 986 2588 Capitolium
999 2525 1124 2589 quadriga
1137 2526 1274 2588 pervenit:

178 2601 347 2664 quadrantem
358 2600 465 2650 ratitum
476 2599 574 2650 dictum
587 2600 706 2662 tradidit,
746 2613 807 2649 saue
823 2599 886 2648 illud
904 2613 955 2648 non
972 2600 1139 2663 pretermisit
1157 2599 1275 2651 Plinluar

178 2675 246 2738 quod
257 2675 288 2724 iia
299 2676 442 2726 solveretur
451 2677 495 2741 qul
505 2675 604 2725 ratibus
614 2677 706 2728 transi·
746 2676 851 2738 ‘Mujus
867 2676 1001 2738 augtrrium
1018 2675 1087 2738 apud
1104 2674 1219 2738 priseos:
1236 2677 1275 2725 iu·

177 2749 252 2799 bunt.
270 2750 333 2800 Duc.
746 2749 1276 2814 quir:ptolettsclrcensium,excussoru-

209 2825 380 2891 tuumne]
406 2829 485 2890 Lege,
510 2827 537 2877 is
560 2834 707 2892 conspectum
746 2827 809 2886 ripn,
822 2825 1275 2891 ineepltoltomcucurrisseequos,

177 2901 355 2964 quadrigarum·
372 2903 450 2952 Festo
459 2905 638 2954 conconvenit
647 2917 706 2955 cum
748 2901 880 2964 aedemque
894 2909 934 2950 ter
945 2900 1088 2951 lustrasse?
1112 2903 1219 2950 Deinde
1230 2902 1275 2950 ad·

177 2976 321 3028 Plutarcho
332 2977 358 3028 iu
373 2977 519 3030 Publicola.
551 2981 712 3030 Plutarchus
748 2979 804 3028 dit:
820 2977 981 3026 ‘Maximum
1000 2991 1061 3026 vero
1074 2977 1166 3028 codem
1184 2991 1277 3042 parra·

177 3061 271 3118 postea
282 3053 396 3104 redditas
406 3055 544 3120 quadrigas
555 3056 649 3106 fictiles
660 3057 706 3105 uit.
746 3055 815 3104 nisse
827 3070 843 3104 a
853 3053 926 3103 Veiis
946 3067 1004 3102 cum
1023 3054 1109 3118 palma
1127 3059 1155 3103 et
1171 3067 1276 3115 corona,

178 3127 272 3179 Festos
297 3135 436 3194 antequam
463 3132 520 3181 baec
548 3132 708 3194 acciderent,
746 3131 829 3180 effuso
850 3131 1014 3180 Ratumenna
1035 3131 1078 3194 qui
1101 3130 1138 3179 ibi
1160 3127 1276 3178 vicerat!

180 3203 250 3254 ballo
260 3205 398 3270 repetitas.
412 3207 466 3256 Jus.
476 3207 540 3258 deul.
748 3209 893 3257 Ratumeoa
903 3215 980 3271 portu
990 3207 1080 3256 eadam
1096 3206 1151 3254 alils
1168 3205 1276 3254 nomini·

205 3282 341 3332 Rutummu
350 3285 432 3348 portu]
445 3285 608 3334 Ratumenna
619 3286 707 3345 auriga
748 3283 796 3332 bus
813 3281 1181 3345 ‘Carmentalis,'‘Turpeia,'
1198 3281 1278 3331 ‘Sem
1327 3338 1330 3342 ,

181 3355 244 3420 fuit,
266 3359 310 3422 qui
332 3373 389 3408 cum
410 3360 437 3408 iu
457 3359 522 3408 ludis
542 3361 709 3410 Circensibus
748 3359 1062 3415 lerata,'et‘Veicntaua
1077 3357 1165 3408 dicta!
1181 3359 1243 3408 Duc.

180 3447 304 3482 excusans
315 3432 414 3497 inisset,
425 3435 484 3498 equi
495 3434 553 3498 ejus
564 3451 621 3485 cum
635 3451 709 3486 coro·
781 3441 799 3468 ¹·
817 3435 881 3491 Quia
900 3435 926 3483 ta
940 3434 1041 3494 seruare
1062 3435 1120 3482 uteo
1141 3433 1277 3496 ereum]

180 3521 215 3557 na
226 3515 255 3558 ut
269 3509 356 3571 palma
371 3510 397 3558 lo
413 3509 568 3574 Capitolium
585 3525 709 3574 perteue·
749 3509 823 3560 Idem
840 3518 928 3561 narrat
945 3510 1014 3560 Plio.
1032 3509 1077 3559 lib.
1096 3521 1202 3559 xxvrrt.
1219 3521 1277 3571 cap.

180 3591 252 3649 runt,
267 3585 405 3650 sedemque
423 3592 463 3636 ter
481 3587 634 3637 lustrarunt.
668 3589 709 3637 Ex
749 3589 772 3634 2
801 3583 1205 3635 luosteutiaautemetaomniis
1223 3597 1278 3632 om·

181 3673 232 3724 quo
246 3657 347 3710 fuctum
366 3667 416 3724 eat,
426 3668 456 3711 ut
474 3669 550 3726 porta
570 3677 617 3725 par
634 3677 710 3728 quum
750 3663 792 3710 ula
804 3662 902 3725 majora
913 3669 941 3710 et
957 3661 1072 3710 auctiora
1083 3661 1172 3710 videre
1187 3660 1277 3708 latum

179 3735 343 3787 intraverant
353 3739 648 3788 Ratumeuudiceretur.
664 3739 711 3786 So·
734 3751 781 3786 ,uc
800 3749 951 3800 prosperum
967 3735 1088 3798 judicant
1104 3733 1235 3796 aruspices
1251 3739 1280 3782 at

180 3813 228 3863 lin.
239 3827 299 3878 cap·
308 3820 349 3866 tt.
366 3815 497 3865 ‘Excusso
508 3829 611 3879 quoque
622 3813 711 3876 auriga
751 3813 925 3863 oneirocritua.
958 3813 981 3862 E
996 3819 1088 3860 contra
1103 3810 1178 3860 triste
1190 3815 1279 3858 osten-

181 3903 259 3955 quem
270 3892 442 3942 Ratumensm
453 3889 711 3951 nominabant,relic-
753 3895 807 3941 tum
826 3896 877 3953 eut,
890 3889 910 3938 al
927 3903 978 3953 qua
996 3901 1036 3937 res
1056 3887 1133 3936 solito
1150 3884 1232 3934 minor
1250 3890 1280 3933 et

183 3973 211 4016 to
219 3968 371 4032 certamine,
380 3969 412 4017 ad
421 3968 578 4032 Capitolium
590 3965 713 4032 quadriga
753 3965 884 4016 tenuatior
895 3963 1074 4028 delectiorqua
1086 3967 1205 4027 apparet.
1233 3959 1279 4011 Sic

183 4043 314 4107 pmsllcit‚
334 4055 384 4093 nec
403 4052 464 4092 ante
481 4043 605 4102 substitit,
625 4057 712 4108 quum·
753 4041 889 4091 Perdicca
912 4041 958 4090 uui
985 4053 1018 4089 ex
1039 4034 1194 4090 Temenidlr,
1220 4047 1280 4086 cum

182 4119 713 4184 libetobrilsocenrribnsimpsdita,qnam
752 4117 820 4180 apud
833 4129 920 4181 regem
937 4113 1099 4166 Macedoniae
1116 4111 1207 4161 ovibus
1220 4125 1281 4176 pus.

183 4193 323 4258 ‘l'arpelum
340 4193 434 4245 lovem
453 4199 529 4243 terna
549 4193 713 4244 dextratione
753 4191 843 4242 cendia
858 4205 961 4258 operum
979 4203 1050 4240 suam
1066 4189 1187 4243 locasset,
1207 4189 1280 4252 panis

184 4268 327 4319 lustraret!
344 4269 396 4319 Sed
409 4283 459 4319 nou
471 4269 547 4320 rideo
558 4285 603 4320 cur
613 4269 713 4321 Solinus
753 4269 796 4332 qul
807 4267 864 4332 ejus
874 4267 975 4318 numine
987 4265 1154 4330 coquebatur,
1165 4265 1190 4314 io
1203 4263 1280 4314 furno

249 4351 337 4414 nupt.
353 4356 379 4400 u
393 4351 452 4403 rar.
471 4351 536 4402 cue.
649 4348 808 4413 nemrot.
1160 4346 1214 4394 rz
