3208 4938
330 390 379 436 nr
404 387 609 438 vsanonuu
635 388 945 439 stoarrroartorrs
970 391 1039 441 trs.
1063 391 1161 442 xvir.
1226 377 1292 444 8⁰9

243 530 381 615 patella,
396 530 477 614 quia
490 531 573 596 nilril
589 532 737 598 aliudslt
747 532 809 611 sal,
824 551 926 616 quant
933 553 1029 618 aqna.
1051 535 1200 602 Salinnm
1212 557 1291 602 eum

243 635 315 698 sale
343 633 390 696 in·
405 651 519 698 mensa
548 653 673 716 ponere
700 634 811 717 ligulis
841 635 992 716 religioni
1018 635 1170 716 habetur,
1199 639 1290 722 quod

243 733 412 820 quondam
427 735 460 798 in
475 735 653 819 Esquilina
676 736 811 817 regione
826 734 938 818 figulo,
953 755 1029 802 cum
1048 737 1169 802 fornax
1192 739 1290 821 plena

242 855 398 902 vasorum
415 843 625 919 coqueretur,
640 842 738 920 atque
753 836 811 902 ille
827 839 980 920 proxime
993 859 1066 903 earu
1079 841 1289 919 convivatus,

240 937 483 1020 supermodum
495 944 596 1020 potus
611 957 728 1004 somno
743 943 836 1004 esset
844 957 1036 1024 oppressus,
1044 959 1119 1005 eum
1135 942 1290 1006 convivis

240 1040 322 1116 suis,
336 1040 533 1122 praeteriens
547 1040 685 1124 quidam
694 1040 853 1124 petulans
867 1042 955 1106 ostio
967 1048 1101 1124 petente
1112 1062 1157 1106 ex
1171 1063 1289 1108 mensa

240 1141 383 1206 salinum
405 1141 549 1225 conjecit
569 1143 605 1207 in
625 1141 807 1220 fornacem,
830 1149 931 1226 atque
953 1143 1003 1208 ita
1016 1142 1171 1208 incendio
1194 1145 1289 1209 exei-

239 1247 325 1319 tato,
339 1241 461 1324 figulus
476 1262 553 1308 eum
569 1243 641 1308 suis
656 1249 890 1308 concrematus
904 1248 964 1308 est

196 1343 335 1408 Saliosm
349 1364 370 1408 a
383 1344 544 1421 saliendo,
557 1351 590 1410 et
610 1345 764 1410 saltando
785 1346 898 1411 dictos
912 1365 1001 1425 esse,
1022 1347 1175 1430 quamuis
1191 1347 1288 1414 dubi·

239 1446 302 1510 tari
326 1464 393 1510 nou
423 1445 556 1526 debeat,
579 1453 689 1513 tamen
711 1447 877 1512 Polemon
899 1447 946 1512 ait
959 1446 1098 1513 Arcada
1121 1448 1286 1532 quendam

237 1547 342 1618 luisse
357 1550 489 1612 nomine
514 1547 654 1626 Salium,
670 1568 768 1632 quem
784 1549 912 1614 AEueas
928 1569 949 1613 a
972 1547 1151 1614 Mantinea
1167 1549 1203 1612 in
1218 1549 1286 1614 Ita·

237 1648 318 1714 liam
332 1649 527 1715 deduxerit:
550 1652 606 1734 qui
616 1651 765 1735 juvenes
780 1650 919 1716 Italicos
934 1649 1056 1714 ἐνόπλιον
1071 1651 1285 1716 saltationem

238 1751 399 1816 docuerit.
442 1751 491 1818 At
512 1751 682 1817 Critolaus
708 1752 878 1830 Saonem,⁵
897 1771 942 1816 ex
964 1753 1180 1818 Samothrace
1208 1771 1285 1816 cum

236 1847 344 1920 AEnea
368 1853 461 1918 Deos
485 1853 632 1918 Penates
647 1853 705 1938 qui
721 1853 898 1918 Lavinium
922 1853 1136 1930 transtulerit,
1154 1852 1284 1918 Saliare

237 1975 341 2038 genos
352 1955 495 2020 edundi
505 1957 700 2032 instituisse,
710 1975 732 2020 a
744 1975 812 2040 quo
823 1956 1014 2040 appellatos
1025 1957 1149 2032 Salios,
1162 1955 1284 2039 quibus

235 2058 417 2140 peremnis
430 2056 511 2136 dies,
526 2057 727 2142 ubicumque
741 2065 900 2137 manent,¹¹
922 2059 1002 2142 quia
1018 2059 1141 2142 amplae
1155 2075 1284 2142 ponun·
1306 2048 1310 2064 ’

647 2251 826 2274 uenenum

225 2355 239 2399 6
256 2349 370 2414 Coujieit
390 2352 458 2402 Dae.
475 2351 593 2402 rtrum.

681 2527 792 2581 NOTAE

222 2652 239 2678 ¹¹¹
255 2645 343 2710 Salios]
358 2643 474 2696 erosa:
493 2642 717 2708 ‘Salius,lrpslsi
753 2649 818 2694 aaut
834 2643 931 2694 Salium
948 2643 1075 2708 quendam
1094 2642 1222 2693 Arcadem
1241 2642 1281 2694 l‘n·

189 2719 717 2785 siwiamhame-sumitate&-
751 2719 812 2784 isse,
831 2719 876 2785 qni
893 2720 1013 2783 'trojanis
1030 2719 1137 2782 junctus
1157 2719 1225 2769 hune
1243 2720 1281 2770 lu·

188 2799 270 2848 raso!
303 2797 715 2862 Saliieoguoatentoetiamerant
753 2793 1112 2844 damiataerlaiuatitnerit.’
1144 2794 1281 2844 DeNutua

189 2875 283 2924 collini
308 2882 337 2924 et
361 2873 528 2939 Agoueusesr
552 2874 625 2936 itaut,
646 2874 714 2939 quoti
751 2871 893 2933 scriptores
912 2869 978 2920 bene
989 2870 1071 2919 multi.
1105 2872 1189 2920 Fuere
1200 2871 1279 2920 etiarn

191 2955 294 3014 vulgare
306 2965 355 3001 noa
371 2960 421 3014 est,
432 2950 539 3000 Pallorii
556 2958 584 3001 et
600 2951 714 3000 Parorii.
751 2947 796 3011 qai
813 2960 830 2996 a
848 2945 971 2996 Dardano
991 2945 1126 2995 institutos
1145 2943 1278 2996 tlleereutt

188 3027 291 3077 servius
302 3027 450 3078 iurebedis:
462 3025 471 3054 ⁴
481 3027 539 3076 lloo
547 3034 607 3076 snut
618 3041 715 3090 genera
750 3023 815 3072 itera
833 3022 877 3087 qni
895 3037 910 3071 a
921 3022 1020 3071 Murrio
1036 3022 1147 3087 quadarn
1156 3021 1280 3071 Veienta-

188 3103 322 3166 Saliorum,
337 3111 366 3153 ut
385 3104 412 3153 iu
430 3103 570 3152 Saliaribus
589 3103 712 3152 Carmiai·
753 3111 921 3162 norumrage.
949 3099 1022 3148 Utut
1031 3099 1074 3160 sit,
1083 3097 1196 3146 instituti
1205 3095 1278 3146 inere

187 3180 389 3240 bnaioseuitur3
408 3179 712 3242 milistatonensis·
753 3177 785 3226 arl
807 3177 973 3226 imitationem
993 3173 1181 3239 Coretnsu,qui
1200 3175 1278 3240 prierl

188 3271 204 3304 a
220 3257 306 3306 Numa
323 3244 456 3304 instituti:
474 3253 507 3302 ab
520 3252 634 3302 Hostilio
650 3267 712 3302 sero
752 3251 865 3300 latrasse
882 3249 983 3314 ὄρχησιν
1001 3251 1130 3301 saltarent
1147 3252 1173 3300 in
1190 3260 1277 3301 monte

187 3331 292 3381 Parorii
305 3338 332 3380 et
339 3328 466 3380 Palloril.’
489 3328 612 3378 llaeille.
638 3329 710 3380 Quos
751 3327 817 3378 lda':
835 3329 868 3378 de
887 3343 940 3393 que
954 3328 1102 3379 Callimaeh.
1114 3329 1184 3390 hyra.
1195 3328 1278 3380 iulo·

187 3406 335 3458 Otririnales
350 3405 393 3454 hio
404 3412 488 3466 voest,
504 3413 564 3455 suut
581 3405 625 3470 qni
636 3406 711 3455 aliter
750 3417 817 3455 rear.
827 3405 891 3456 Dus.

184 3480 344 3544 Agoneuser.
377 3479 559 3530 Nautetmons
570 3481 710 3532 Quirinalis
782 3487 795 3514 ¹¹
811 3481 902 3538 milas
916 3495 961 3545 per
977 3481 1053 3530 oman
1071 3481 1122 3530 dies
1139 3479 1277 3543 alicunque

185 3558 322 3608 dicebatur
333 3556 463 3621 Agonalia
479 3558 608 3609 tastu
748 3559 856 3622 mest]
884 3557 950 3608 litae
971 3558 1120 3621 preclaram
1142 3557 1278 3606 eonnueut

217 3635 308 3700 aas]
324 3634 388 3686 Salii
402 3641 462 3684 sunt
478 3632 603 3698 ὀρχησταί.
635 3633 710 3686 Aea·
750 3634 1095 3698 antiquitatiscoguitioueur·
1119 3632 1277 3697 Quantis·

184 3711 227 3770 lio,
237 3711 323 3774 Satias,
340 3715 370 3760 ut
380 3725 396 3760 a
406 3711 414 3738 ‘
424 3709 525 3772 eundo:
534 3712 543 3738 ‘
552 3709 651 3760 condus
659 3709 678 3759 ε’
694 3725 710 3760 a
748 3709 908 3772 telligautur,
918 3709 1051 3759 sciendum
1068 3717 1107 3759 est
1121 3709 1180 3758 oliru
1193 3723 1226 3758 ex
1237 3708 1277 3756 in·

185 3785 309 3850 ‘merga'
325 3784 465 3849 ‘mergus'
497 3785 565 3834 Inde
581 3782 590 3812 ‘
599 3783 710 3833 Saliares
749 3787 843 3838 stituto
858 3789 951 3838 Numa
969 3787 1063 3837 aneilla
1079 3787 1185 3850 singulis
1202 3785 1276 3836 aunis

183 3863 275 3912 insulta
285 3861 293 3886 '
302 3861 388 3911 Pliulo
403 3858 568 3926 ὀρχηστρίδες,
577 3859 709 3924 xoptrrtier·
748 3877 837 3912 meuse
853 3863 951 3912 Martio
962 3877 977 3912 e
987 3863 1099 3913 nerano
1115 3862 1209 3912 Martis
1220 3877 1275 3913 rue·

182 3939 284 3992 fflno.
315 3939 441 3989 Saliorum
458 3937 530 4001 origo
548 3937 658 3986 ineerta.
684 3933 708 3985 Α
748 3940 803 3988 seri
815 3938 899 4002 sollte,
909 3953 1007 4004 perque
1018 3939 1074 3988 tiles
1090 3938 1212 4001 plurimos
1224 3937 1275 3988 oir-

182 4015 250 4064 Salio
261 4013 363 4064 Areada
379 4014 515 4079 alii,aliia
533 4014 619 4064 Nouia
636 4013 709 4063 insti·
748 4013 888 4064 camierrir
904 4015 1013 4079 ideoque
1023 4026 1071 4078 per
1087 4013 1174 4062 urbem
1186 4013 1273 4078 dispo·

182 4099 252 4142 totos
263 4089 360 4139 ierunt.
392 4090 433 4138 De
444 4089 524 4138 AEnea
540 4089 618 4139 habet
631 4090 707 4139 Pele·
746 4089 797 4140 sita
815 4091 934 4155 sacraria,
949 4103 1001 4154 quo
1019 4101 1048 4138 se
1064 4087 1126 4138 snit
1144 4087 1178 4137 de
1194 4096 1273 4138 noete

180 4165 573 4218 mouvetosreruraltalicarum
580 4165 706 4229 terimur:
745 4165 903 4229 reciperent,
920 4165 1004 4214 donee
1022 4161 1086 4212 urbe
1103 4161 1225 4214 conlecta
1245 4165 1273 4214 ia

180 4251 209 4296 et
220 4243 253 4294 ab
264 4257 296 4294 eo
312 4241 433 4293 Sorrina:
452 4239 540 4310 ‘Amr'
550 4241 643 4308 iuquit,
654 4239 663 4270 ‘
670 4241 707 4292 di·
745 4241 885 4295 eserniam
893 4240 988 4293 Martis
999 4239 1217 4307 redirent,llrlque
1227 4253 1273 4294 sn·
