3194 4942
335 411 383 460 uu
407 411 612 462 vnusouttu
636 410 943 464 stautrtaartotttt
967 415 1039 466 utu.
1061 417 1142 466 xrt.
1215 405 1281 470 ω]

240 573 308 616 curn
322 551 404 616 lacus
416 553 457 616 sit
471 554 526 639 qui
534 553 635 636 finem
656 551 776 616 Urbani
789 554 920 638 auspicii
934 554 1054 640 faeiat,
1069 558 1154 622 intra
1168 579 1281 645 agrurn

242 652 368 737 fictum
391 653 480 718 certis
506 653 655 738 regionib.
681 654 862 718 ttrtninatttr
885 655 928 720 uti
955 657 1109 740 captanda
1132 660 1280 744 auspicia,

242 776 329 840 quent
351 754 438 819 liceat
455 753 608 842 prtffctrc,
623 775 710 820 uerna
731 765 832 820 tamen
858 755 1057 836 Auentinum,
1072 780 1141 822 curn
1165 781 1280 843 pom.

241 855 323 918 rium
330 854 464 939 protulit
477 856 563 920 iutra
577 855 697 921 tnoenia
711 855 845 936 inclusit,
859 859 946 943 eujus
968 859 1015 924 rei
1034 881 1126 923 eausa
1139 857 1196 925 iila
1206 883 1282 944 pra·

243 955 345 1034 batur,
360 955 442 1041 quati
451 954 576 1022 Remus
589 957 623 1020 in
638 979 672 1022 ea
685 957 903 1058 auspicaaert't,
917 979 1046 1045 aramue
1060 959 1169 1024 irritas
1182 959 1282 1026 babu-

241 1055 325 1119 erit:
346 1057 381 1121 iu
397 1057 542 1143 sequenti
554 1068 658 1122 autern
679 1068 766 1122 atate
782 1057 933 1122 inclusum
946 1059 1047 1126 aiunt.
1091 1058 1282 1126 Pontariunt

241 1158 271 1221 si
283 1163 434 1222 laeltnne
451 1157 720 1245 priuatisfuisset,
731 1180 824 1244 puna
839 1168 958 1224 statuta
972 1170 1051 1224 erat.
1093 1161 1282 1228 Pontificaie

234 1259 417 1342 pmoetium
435 1258 635 1344 appellabant
651 1259 749 1323 beant
763 1259 852 1324 illum
867 1280 1041 1345 agrumque
1051 1283 1132 1346 parte
1145 1283 1280 1342 nutrcem,

240 1359 274 1422 in
288 1381 348 1444 qua
358 1358 518 1443 panifices
537 1381 596 1426 sua
610 1363 840 1426 constituerem
854 1359 1006 1445 hospitia.-
1027 1383 1096 1425 curn
1110 1373 1212 1428 autent
1221 1384 1280 1447 pa·

240 1460 378 1524 marium
385 1458 597 1546 proferretur,
611 1467 680 1525 tum
695 1482 827 1547 augures
836 1461 976 1546 publices
990 1461 1031 1526 P.
1047 1462 1091 1528 R.
1106 1461 1166 1528 lac
1187 1463 1281 1526 uerba

235 1561 352 1646 preire
363 1561 501 1628 solitos:
518 1559 579 1626 Dii
591 1561 738 1628 tutelares
757 1559 849 1648 Urbis
858 1563 1040 1648 pantanum
1051 1562 1279 1642 lamminas,

239 1663 391 1748 majusve
401 1660 542 1751 furitis:
563 1663 616 1727 sed
635 1664 674 1727 iis
694 1663 778 1749 quib.
792 1664 1018 1729 terminatum
1033 1667 1216 1752 regionibus
1232 1665 1280 1730 ci·

240 1761 516 1828 inmusitatum
531 1773 634 1828 autern
655 1763 778 1829 tidelm
793 1765 975 1849 penatium
988 1767 1093 1831 veluti
1108 1773 1186 1852 post
1198 1787 1280 1832 tuoe·

240 1885 301 1940 ras,
314 1861 349 1925 iti
362 1873 421 1942 ese,
430 1863 515 1949 quati
527 1875 601 1929 esset
616 1875 699 1929 retro
713 1875 743 1930 et
757 1865 840 1932 intro
855 1886 968 1932 muros
983 1867 1097 1934 Urbis.

197 1963 374 2036 Prositarb
394 1966 579 2048 proposita.
1144 1969 1280 2054 [Patri.

198 2067 389 2150 Prospera⁰
410 2073 571 2150 quanam²
592 2068 715 2132 nornine
739 2069 930 2155 usurpabant
946 2070 1078 2156 antiqui,
1092 2069 1127 2133 in
1155 2069 1280 2152 [Fusr.

239 2167 271 2232 E
284 2167 459 2244 declinata,
481 2177 518 2230 ut
534 2167 704 2252 prafisaine
718 2180 852 2234 extrema
862 2169 1024 2255 producta
1043 2171 1182 2256 syllaba,
1196 2167 1280 2233 aide·

236 2265 306 2330 iicet
326 2276 363 2330 ut
384 2277 574 2332 oaurrerent
584 2267 724 2354 fascina,
743 2279 783 2336 ut
805 2274 855 2337 ait
869 2273 909 2336 L.
926 2271 1065 2352 Cincius,
1086 2269 1170 2358 quati
1188 2271 1280 2334 etiarn

194 2367 198 2394 ²
229 2367 308 2450 fieri
321 2369 471 2433 consueuit
484 2368 518 2434 in
531 2369 667 2436 familiae
678 2374 850 2457 purganda
863 2395 959 2440 sacra.
982 2419 991 2438 .
1080 2421 1088 2436 .
1177 2419 1184 2433 .
1272 2415 1280 2431 ·

196 2671 200 2678 '
228 2669 241 2714 1
259 2666 321 2717 llas.
332 2666 456 2733 scriptum
466 2667 547 2720 faisse
558 2673 634 2734 putat
643 2669 787 2719 Paula-l
805 2669 854 2719 ut.
866 2669 934 2721 Scal.
946 2671 1060 2734 wilm.

684 2847 790 2900 Nora.

195 2959 336 3010 iisiactuut
349 2965 397 3011 cri.
430 2959 598 3026 Nequeeuiut
607 2961 717 3024 spatium
757 2960 813 3010 licis
832 2957 921 3011 lttslrir
945 2961 1023 3012 etiam
1045 2961 1147 3012 uomina
1164 2961 1281 3012 uictimas

194 3034 266 3090 illud,
284 3036 353 3100 quoti
370 3041 430 3087 autc
447 3051 533 3086 murus
550 3034 609 3098 fuit,
636 3035 717 3099 magis
757 3035 907 3086 ducentium
922 3036 1181 3100 prosperalcgimur?
1197 3044 1282 3087 curet

193 3112 319 3172 nendum
330 3111 379 3162 tllci
390 3114 481 3176 possit,
497 3127 572 3178 quam
587 3113 718 3162 exercitus
754 3109 969 3162 fascinationibus
990 3113 1142 3164 ariaratlottc
1158 3113 1283 3177 peculiari

196 3196 256 3250 past
267 3203 350 3238 nurus
372 3191 472 3247 nederc,
483 3193 527 3254 qui
545 3197 606 3239 aule
624 3191 718 3241 rutenia
756 3189 929 3238 occurrimus?
939 3188 1049 3238 'lilinittt
1059 3189 1165 3238 Setina:
1179 3187 1281 3239 ‘Paula

193 3269 279 3314 castra
287 3272 398 3315 ructatus
410 3275 460 3316 eat.
477 3267 540 3316 Dae.
756 3276 823 3325 ntra,
834 3263 933 3325 amabo,
943 3264 1064 3327 pallulam
1080 3263 1182 3314 laudem
1195 3263 1282 3315 atltlitc

224 3338 362 3404 imita]
381 3341 452 3390 Nihil
473 3341 514 3392 bic
534 3340 627 3390 rideo:
652 3347 717 3404 pato
757 3337 917 3388 Praliseiult
950 3339 1079 3388 charisius
1097 3339 1187 3389 subdit
1205 3341 1284 3390 luter·

193 3415 317 3479 temptum
328 3414 407 3466 luisse
417 3417 509 3468 Potite.
530 3415 659 3466 ‘Ponere'
670 3429 717 3480 pru
758 3414 947 3478 pretrtiouetu:
965 3414 1015 3464 ‘uc
1027 3416 1112 3478 puella
1124 3414 1285 3466 iatciuetttr.'

193 3492 370 3556 ‘proponeret
401 3495 436 3543 Et
448 3494 485 3544 itu
498 3499 545 3544 etl.
564 3493 639 3542 luen.
754 3489 895 3554 -Praytttrnt
906 3505 969 3555 ergo
988 3491 1082 3556 aliquid
1092 3490 1148 3540 fierl
1169 3497 1214 3540 aut
1229 3491 1282 3540 diei

223 3577 235 3602 ⁰
251 3569 382 3632 Prospera]
394 3569 567 3633 interpretem
579 3566 718 3642 tiesidcral.
757 3573 823 3624 erat,
836 3581 893 3616 eum
905 3566 984 3630 lacto,
995 3573 1040 3616 aut
1051 3566 1121 3616 dicto
1131 3564 1282 3630 alianastas-

91 3653 94 3656 '
191 3642 327 3706 Attum.
406 3653 409 3660 '
758 3647 817 3696 ciuu
835 3645 1030 3696 occurrebatur.
1063 3643 1109 3692 Ait
1126 3643 1283 3694 declinatum

223 3719 353 3784 Pmaperu]
380 3719 501 3768 Fortasse
520 3717 632 3781 dicebat,
659 3731 716 3781 pru·
757 3721 962 3784 ineprodueta:
987 3717 1183 3784 quianannulll,
1197 3726 1282 3782 utpu-
1309 3776 1313 3784 1

193 3807 268 3856 spera
283 3793 402 3858 quatiam
423 3807 468 3844 nat
488 3807 611 3857 uaurparc
633 3793 717 3844 teleta
758 3803 796 3856 to,
803 3793 985 3844 existimabant
1000 3807 1057 3843 eata
1073 3791 1185 3842 vocativi
1199 3805 1281 3850 catut,

193 3870 296 3918 numina
306 3870 469 3934 prestitutum,
479 3869 548 3934 quoti
560 3869 717 3919 declinatum
757 3876 787 3919 ttt
798 3883 876 3934 supra
887 3875 894 3898 ⁸
904 3866 1026 3919 Numere’
1038 3867 1135 3917 dictum
1147 3874 1188 3916 est
1199 3881 1214 3916 a
1226 3867 1281 3931 qui·

191 3945 225 3994 ait
235 3953 352 3996 extrema
369 3947 497 4009 products
514 3945 622 4011 syllaba,
633 3953 662 3995 ut
674 3960 717 3995 uc·
757 3945 862 3995 busdam
879 3943 974 4007 corripi
993 3943 1018 3992 iu
1031 3943 1120 3992 ultima
1136 3941 1243 4006 syllaba,
1255 3949 1284 3993 et

192 4035 324 4071 curramus
342 4021 451 4085 lasciua,
461 4031 489 4088 ut
501 4023 538 4070 ait
558 4022 587 4070 1.
603 4021 718 4084 Cincius,
757 4020 1051 4071 rocaudicasutiictutu.
1086 4017 1282 4066 Gelliusexre·

191 4097 260 4162 qued
281 4096 357 4147 lieret
377 4097 455 4148 etiam
477 4097 506 4146 itt
532 4095 638 4145 familiae
658 4110 718 4159 pur·
757 4097 807 4147 teti
822 4095 913 4146 codice
932 4093 977 4143 lib.
993 4107 1023 4144 x.
1041 4105 1099 4154 cap.
1118 4095 1159 4140 il.
1175 4092 1283 4156 laquatta

193 4173 369 4237 grndasacro.
387 4171 718 4234 Hitnouabtimiliascrip·
756 4173 789 4223 tte
800 4170 950 4236 Dlequinti:
968 4169 1132 4216 ‘Extremam
1155 4166 1227 4218 istitu
1239 4183 1283 4219 te·

191 4251 250 4302 altre
263 4251 325 4300 milri
336 4249 440 4300 videtur
451 4249 563 4300 Plinius:
581 4246 718 4312 ‘cnrpub-
756 4247 794 4298 cis
812 4245 938 4310 syllabam
957 4249 1010 4293 tutu
1030 4247 1178 4307 percnum
1199 4255 1247 4308 par
1263 4243 1283 4301 l,
1383 4297 1388 4308 Ι
