3194 4942
306 403 372 470 682
637 419 749 469 sexui
775 418 929 468 eoueeu
955 417 1059 468 resur

306 563 823 648 Purime⁰tetinoro‚puuestme
839 567 984 628 tenuero.
1261 563 1394 640 [Pube.

307 661 439 726 Purime
453 663 580 728 tetinero
586 664 719 748 positum
731 673 774 726 eet
785 685 846 748 pro
856 665 1035 748 purissime
1050 669 1225 731 tenuero-¹⁵
1270 664 1396 742 [Fusr.

195 829 198 836 ,
306 761 455 830 Publicus
470 774 569 852 ogeri
584 764 683 830 dictur
697 765 771 850 quio
785 787 940 851 augurum
953 765 1109 849 publicus
1124 771 1187 844 est,
1203 769 1241 830 ut
1254 785 1338 830 creua
1362 765 1397 830 iro

353 861 473 932 Veienti
487 890 497 930 .·
520 867 546 930 io
557 867 638 930 euim
651 887 710 930 eeu
724 874 760 931 et
768 866 845 950 jure
860 886 1019 948 augurum
1031 875 1084 930 eet.

305 963 492 1030 Prudicereq
517 965 597 1030 diem
619 975 662 1031 est
683 964 826 1050 prodere,
848 967 1013 1051 prodictio
1037 987 1180 1052 nemque
1196 964 1337 1051 proditio
1352 977 1396 1030 eet

346 1087 424 1153 que,
439 1076 474 1132 ui
489 1068 534 1132 eit
555 1064 694 1141 Verrius,
709 1067 744 1132 to
755 1087 898 1153 presens
913 1069 1010 1134 velet.

761 1247 940 1272 mmosst

335 1381 366 1428 lt
383 1377 437 1430 Joe.
453 1378 522 1428 Scal.
536 1379 562 1427 iu
579 1391 658 1444 marg.
669 1393 722 1429 auae
733 1378 776 1430 ed.
788 1381 898 1444 notarit,
915 1379 971 1432 bec
989 1379 1091 1446 quidem
1107 1395 1165 1432 ecee
1181 1381 1263 1444 Beati,
1279 1380 1325 1432 aed
1343 1395 1393 1433 nou

303 1457 336 1494 ex
348 1453 401 1492 vet.
412 1443 457 1494 lib.
469 1450 561 1492 aumta.

794 1557 904 1609 NOTAE

302 1685 386 1752 patrie
397 1691 530 1749 potestate
541 1685 656 1736 exibent.
690 1687 783 1752 Neque
798 1688 828 1740 ii·
869 1689 894 1738 iu
903 1690 942 1739 hia
953 1689 1081 1755 reliquitur
1094 1689 1119 1740 iu
1130 1689 1212 1754 primo
1220 1687 1280 1754 quid
1288 1688 1323 1739 ait
1332 1702 1396 1754 ager

301 1763 348 1814 bet
359 1761 505 1826 intelligere
522 1760 555 1810 de
571 1775 612 1824 ec,
623 1775 699 1826 quem
716 1771 792 1826 peter
802 1763 829 1814 iu
869 1765 987 1828 publicus
1008 1765 1201 1816 diaaerebatur:
1229 1779 1323 1830 nempe
1343 1781 1395 1830 quc

301 1840 411 1888 alienam
422 1836 544 1887 familiam
561 1836 646 1900 deret,
657 1845 686 1886 ut
702 1853 760 1890 curu
772 1854 828 1890 eum
869 1845 896 1888 et
906 1854 1016 1904 augures
1027 1839 1125 1904 publici
1136 1837 1299 1902 fruebantur,
1311 1841 1395 1904 qualia

302 1929 335 1965 ex
347 1921 478 1980 potestate
489 1915 626 1978 emieiaeeu
638 1923 728 1979 poetee
742 1931 828 1968 eacro·
868 1923 926 1966 erat
936 1915 982 1981 qui
993 1917 1020 1966 ln
1031 1929 1094 1980 agro
1103 1915 1209 1966 Veieutl
1217 1923 1283 1979 erat,
1291 1915 1395 1966 bomine

302 2006 360 2042 ιιιιιι
370 2007 448 2042 cauea
459 1991 625 2041 manumiraio
636 1991 827 2044 celebraretur:
869 1987 965 2041 Oflcut.
997 1990 1108 2040 Videtur
1118 1999 1204 2040 eutem
1219 1991 1287 2040 velle
1302 1991 1395 2044 Fertur

302 2067 346 2132 qui
358 2067 427 2117 euim
439 2067 517 2118 tertie
527 2066 719 2129 mancipatione
731 2067 757 2116 iu
766 2067 828 2132 jure
869 2063 1204 2128 Publieuruagrumdicturu
1211 2079 1267 2116 eoae
1273 2065 1307 2115 ab
1315 2080 1395 2130 augu-

301 2141 828 2206 ceaalerautapareute,iocujuaputea·
868 2140 939 2190 ribua
966 2141 1084 2205 publicio.
1115 2141 1157 2191 De
1180 2142 1272 2206 quibua
1292 2143 1394 2192 Varrc:

302 2226 358 2270 ute
372 2225 455 2282 eraut,
466 2216 557 2268 eodem
570 2223 700 2267 momento
712 2218 737 2266 io
749 2219 829 2280 patrie
870 2216 924 2264 ‘Ut
932 2217 1014 2266 uoueri
1022 2229 1131 2280 augurer
1144 2215 1240 2280 publici
1250 2215 1398 2268 diruerunt?

301 2294 418 2358 adoptivi
435 2308 509 2344 eacra
525 2292 680 2355 trauaibent,
691 2308 742 2358 quc
757 2308 829 2357 epa·
870 2287 978 2338 Cicero:
1002 2290 1117 2355 ‘publici
1137 2305 1247 2354 augurer
1265 2289 1346 2355 rigule
1366 2298 1396 2341 et

300 2371 349 2420 tria
361 2369 485 2420 ueturalie
501 2367 581 2418 aacria
592 2367 707 2418 exibant.
739 2368 829 2433 Appa·
868 2367 989 2430 auspiciu
1000 2375 1092 2432 postea
1103 2366 1224 2416 ridente!
1237 2367 1290 2418 doe.
1302 2367 1366 2416 Stoi.

301 2453 344 2496 ret
364 2453 460 2507 eutem,
476 2445 522 2510 qui
544 2441 625 2494 aucrle
646 2443 829 2495 eaaolrebetur
902 2442 1000 2492 Puriuu
1022 2440 1134 2504 tetinero]
1163 2441 1218 2492 Pro
1240 2448 1304 2492 terreo
1325 2442 1396 2492 dice·

300 2519 829 2588 auripuri,probi‚puti,euiueacioqueu·
869 2514 934 2567 bant
951 2521 1021 2577 term
1044 2518 1113 2568 uude
1133 2519 1298 2582 preteritum
1317 2519 1396 2569 tetiri.

301 2605 356 2648 tuae
371 2611 440 2648 arcu
456 2594 610 2646 Pontificum
626 2593 724 2646 inferre
736 2597 830 2647 colere.
868 2593 935 2644 Vide
947 2591 1025 2644 inire.
1056 2593 1267 2656 ‘'l'etiui,teoui.'
1283 2594 1346 2644 Der.

300 2672 425 2724 msera.
899 2675 913 2710 Ρ
930 2667 1120 2732 Pabiiceeuger]
1137 2668 1205 2718 Vide
1216 2666 1338 2718 ‘cecum-⁸
1355 2667 1396 2720 ld.

332 2747 408 2812 Pure]
433 2747 578 2812 Que‚quta
596 2747 745 2810 preclaram
761 2749 827 2799 eolu-
899 2741 1068 2806 ledicere]
1092 2742 1134 2793 lta
1147 2757 1222 2808 perne
1237 2743 1394 2806 aeripuerat:

300 2823 377 2890 tlouia
392 2837 525 2874 aacroruru
541 2831 570 2872 et
580 2822 773 2886 delectetioule‚
784 2839 828 2874 ue·
868 2821 996 2872 Prodicere
1013 2821 1077 2870 αιἰιι
1091 2826 1127 2871 eet
1143 2822 1250 2884 prodere,
1266 2820 1395 2884 prodictio

300 2913 351 2963 que
363 2899 444 2950 cuiria
461 2898 563 2948 obriuru
579 2897 756 2959 coguitionem
767 2915 827 2952 con·
867 2910 978 2962 namque
997 2897 1109 2962 proditio
1127 2903 1173 2960 eet,
1187 2913 1239 2960 paee
1250 2897 1277 2948 iu
1292 2913 1396 2962 prauae

300 2973 394 3028 tinent.
406 2973 521 3036 prudeuu
537 2972 675 3034 preterire
686 2974 766 3036 nolui,
777 2976 828 3026 etei
866 2975 945 3024 colet:
960 2973 1112 3037 ‘prodicere
1126 2972 1210 3024 dieru'
1228 2981 1256 3024 et
1266 2974 1396 3039 ‘prodere

300 3063 332 3098 ea
352 3049 437 3098 minua
461 3047 492 3096 ad
515 3047 582 3098 huuc
605 3048 829 3102 uenumtououem
868 3047 952 3099 dlem’
974 3048 1043 3098 idern
1065 3063 1122 3099 eeee
1142 3063 1222 3113 aupra
1242 3050 1397 3102 notavimus.

300 3137 353 3188 qua
368 3123 403 3172 de
420 3123 512 3172 Featua
525 3121 650 3185 loquitur.
684 3125 752 3176 Nam
770 3141 828 3190 pro·
867 3123 968 3174 Gellius
983 3125 1050 3175 libro
1068 3139 1121 3176 ιιι.
1139 3139 1197 3188 cap.
1216 3129 1255 3174 lt.
1279 3125 1395 3176 ‘Kalen-

300 3199 357 3263 prle
374 3205 403 3248 et
414 3212 475 3248 vere
491 3197 587 3248 dictam
604 3201 827 3254 meurrmiaaioueue
868 3197 966 3264 deaque
977 3200 1038 3250 mibi
1049 3201 1192 3265 prodietaa,
1208 3201 1246 3250 uti
1258 3201 1325 3252 iutra
1336 3217 1395 3253 euru

300 3273 392 3324 Fertne
407 3273 538 3338 iutelligit,
553 3288 611 3325 cum
627 3275 726 3327 acillcet
742 3291 828 3330 eaeru-
869 3274 937 3325 diem
962 3275 1176 3340 pronunciareur.'
1212 3277 1284 3328 blele
1309 3278 1395 3336 hodie,

300 3362 357 3398 rum
372 3363 451 3398 ceuae
466 3363 555 3398 aeruua
572 3350 828 3404 menumittebature
866 3353 1002 3416 perductur.
1017 3353 1149 3405 secerni.

299 3424 414 3474 dcruluo.
437 3423 519 3490 quue
530 3424 593 3475 eatie
603 3439 731 3491 unperque
742 3433 828 3477 oeteu·
902 3427 1100 3480 Prodireredieue
1115 3433 1149 3480 eat
1164 3427 1276 3494 prodere]
1292 3429 1344 3478 Vel
1355 3443 1397 3479 re·

300 3501 366 3553 duct
377 3517 435 3568 qum
448 3517 526 3566 cupre
537 3503 604 3552 idem
617 3503 711 3552 Fertur
723 3504 826 3567 potuit:
868 3504 1032 3554 acribeutlum
1055 3513 1096 3554 eet
1119 3505 1248 3556 Proelium
1274 3506 1338 3556 dieat
1360 3512 1397 3556 eat

299 3579 466 3629 ‘Manumittl
483 3578 619 3629 dicebatur
636 3593 726 3629 aeruna
743 3594 828 3630 aacro·
865 3581 1003 3646 predicere,
1011 3581 1127 3644 prodictio
1138 3587 1280 3645 reemqmat
1295 3583 1398 3646 predio·

299 3653 518 3717 rumcaueassm.
536 3652 692 3704 locumedi.
711 3654 828 3720 conjicio
866 3657 919 3707 tio.-
946 3657 987 3706 vel
1009 3657 1100 3706 mirum
1123 3657 1150 3706 iu
1171 3658 1274 3708 modum
1302 3658 1396 3708 Fertur

299 3738 386 3782 auteur
401 3743 532 3780 aecrorurc
551 3743 630 3778 cauea
646 3732 827 3781 meutrmiaaum
867 3730 975 3793 fallitur,
992 3740 1091 3786 etcum
1108 3747 1140 3784 eo
1155 3733 1291 3797 Scaliger:
1309 3749 1394 3799 neque

299 3821 402 3859 aereum
413 3805 539 3868 dici‚cum
552 3821 567 3855 a
578 3805 682 3856 domiuo
693 3809 827 3858 mandauit·
867 3810 935 3858 euim
954 3809 1110 3873 ‘prodicere
1129 3807 1215 3858 dieru'
1235 3808 1305 3858 idem
1325 3809 1397 3875 quod

300 3883 416 3944 tebatur,
425 3892 454 3932 ut
464 3882 490 3931 lu
500 3880 603 3930 familia
612 3896 686 3932 aecra
695 3883 828 3946 tramine,
865 3885 873 3913 ⁶
885 3882 1013 3947 prodere!
1029 3881 1177 3934 ‘Prodere'
1187 3889 1229 3934 eet
1239 3884 1396 3948 producere.

299 3972 385 4022 neque
396 3957 465 4007 euim
475 3955 501 4006 id
517 3957 591 4006 nobie
604 3971 620 4005 a
630 3957 771 4008 Veteribus
782 3975 827 4010 cx·
866 3959 1037 4023 ‘prodicere'
1049 3967 1158 4010 reroeet
1167 3960 1322 4024 predicere,
1330 3975 1396 4024 pree·

301 4033 440 4095 plicatum:
465 4045 512 4095 pro
526 4045 558 4080 eo
573 4038 657 4082 autem
672 4034 735 4096 pari,
750 4037 828 4100 probi,
867 4036 998 4086 nunciare.
1016 4035 1093 4084 ‘Dice
1107 4035 1227 4099 prodita'
1239 4043 1395 4100 potesteaae

298 4107 402 4168 presciti.
418 4107 520 4158 auioeri
534 4109 574 4158 8⁰.
609 4108 827 4162 Domiuuaeolve·
867 4111 1023 4173 ‘prodictu'
1040 4111 1331 4175 etcoutra‘prodicta'
1348 4126 1392 4175 po·

301 4183 356 4232 bet.
374 4183 437 4232 Due.
868 4196 921 4238 tert
932 4203 988 4239 eure
1000 4193 1007 4218 ‘
1017 4205 1067 4240 uon
1080 4190 1198 4255 procliui
1214 4190 1281 4240 Vide
1291 4193 1298 4218 ‘
1308 4188 1395 4254 prodi·

332 4255 559 4320 ⁰Puriue11uire.
575 4261 633 4310 Duc
645 4260 758 4314 membra
766 4273 826 4315 aunt
867 4265 952 4316 diere-²
968 4267 1030 4321 noc.
