3208 4938
304 430 368 497 868
638 445 750 496 snxrr
773 441 928 496 bonuau
955 445 1059 496 ursus

347 585 447 650 candi
461 603 565 650 causa
579 605 624 649 ex
639 586 763 650 lectulo
777 604 840 650 suo
854 585 976 649 silentio
990 585 1123 648 marcuit
1136 588 1170 649 et
1189 583 1350 650 liberatas
1372 603 1394 648 a

346 687 435 750 lecto
451 688 485 750 in
501 687 609 750 solido
624 708 654 750 se
664 687 782 770 posuit.
825 687 987 770 sedesque
1008 705 1050 751 ue
1075 686 1156 770 quid
1179 705 1221 750 oo
1244 692 1394 768 tempore

346 787 493 868 dejiciat,
514 808 678 872 rursusque
698 807 728 848 se
749 789 783 850 in
805 786 928 850 lectum
954 787 1112 870 reposuit,
1143 786 1207 850 hoc
1232 785 1317 848 enim
1343 793 1396 850 eet

339 886 469 971 proprie
485 885 670 965 Silentium,
685 887 794 950 omnis
808 887 881 952 uitii
898 887 932 949 iu
948 887 1112 969 auspiciis
1135 886 1299 963 vacuitas,
1322 885 1394 950 Ve-

344 990 457 1052 ranius
473 989 519 1052 ait
533 1005 599 1050 non
615 989 730 1070 utique
745 1007 789 1050 ex
803 989 902 1064 lecto,
917 989 975 1049 sed
992 1005 1038 1050 ex
1053 986 1171 1067 cubili,
1184 995 1263 1052 nec⁹
1277 1005 1392 1051 rursus

345 1089 427 1152 sein
441 1091 561 1154 lectum
577 1107 734 1172 reponere
748 1107 881 1154 necesse
896 1107 982 1152 esse.

302 1189 508 1254 Silicemium
524 1194 596 1253 erat
608 1209 713 1270 genus
724 1189 918 1266 farciminis,
934 1208 1001 1270 quo
1012 1189 1091 1254 lietu
1105 1188 1233 1254 familia
1254 1187 1392 1272 [Pion.

343 1293 566 1374 purgabatur:
590 1290 714 1354 dictum
736 1296 844 1355 autem
865 1290 1078 1367 silicernium,
1100 1291 1189 1373 quia,
1211 1289 1309 1370 cnjus
1330 1307 1391 1352 no·

342 1385 428 1454 mine
443 1411 484 1456 ea
498 1411 551 1456 res
563 1393 807 1472 instituebatur,
824 1393 853 1455 is
862 1393 933 1474 jam
950 1392 1079 1455 silicem
1092 1399 1118 1429 ¹⁰
1132 1395 1287 1456 cerneret.
1314 1390 1391 1455 Gae-

342 1493 456 1557 cilius:
471 1493 600 1556 credidi
615 1493 816 1556 silicernium
833 1492 905 1575 ejus
928 1511 979 1556 me
994 1511 1068 1556 esse
1080 1511 1224 1555 esumm.

302 1591 520 1656 silicerniumss
549 1591 664 1655 dicitur
686 1613 768 1656 cunc
785 1590 957 1678 funebriS,
979 1611 1080 1676 quam
1101 1591 1165 1656 ulio
1186 1613 1239 1656 no·
1261 1592 1388 1676 [Fusi’.

753 1769 920 1789 Gom

296 1874 346 1984 mit
364 1871 410 1920 Ed.
421 1871 490 1919 Scri.
500 1874 606 1921 νειμ-10
622 1870 680 1919 Vet.
688 1869 882 1920 codritsatiuus.
915 1867 963 1917 Vir
974 1867 1043 1918 doct.
1055 1869 1082 1916 in
1093 1879 1172 1931 marg.
1184 1863 1228 1919 ed.
1242 1867 1310 1918 Scal.
1318 1867 1388 1932 conj.

331 1947 377 1984 ass.

700 2097 702 2100 -
791 2063 897 2115 NO'I'AE

295 2189 338 2225 res
348 2181 447 2226 nostros
458 2175 626 2226 adhibebatur
637 2176 743 2240 peritus,
754 2189 822 2225 nunc
861 2175 950 2238 pimus.
987 2177 1075 2224 ceruus
1092 2180 1193 2225 veteres
1208 2173 1339 2234 dicebant,
1358 2177 1387 2223 et

296 2252 405 2315 quilibet
418 2267 425 2311 ς
463 2252 573 2314 peritum
596 2261 680 2300 antem
701 2265 757 2300 csse
776 2265 820 2300 ae·
863 2249 968 2312 Poenus,
980 2262 1027 2311 pro
1039 2263 1069 2296 eo
1080 2248 1149 2313 quod
1163 2255 1213 2310 est,
1226 2249 1312 2309 Ceam,
1329 2249 1387 2298 Pre-

294 2339 368 2374 cesse
386 2331 426 2375 est
437 2340 505 2386 enm,
517 2326 559 2389 qni
571 2326 699 2374 silentium
710 2325 770 2389 quid
786 2326 821 2374 ait
859 2338 911 2372 aas.
944 2323 985 2371 Ab
998 2337 1028 2372 eo
1044 2324 1202 2372 silicesaism:
1214 2329 1318 2386 postes
1334 2325 1387 2374 siti·

292 2400 421 2464 intelligat
432 2417 439 2461 ;
458 2401 483 2450 id
493 2402 560 2460 enim
573 2400 700 2448 silentium
714 2399 820 2448 dicinsns
858 2398 969 2447 enatum
984 2397 1140 2460 ‘Canusina'
1149 2399 1156 2426 ⁸
1166 2397 1306 2446 carmine?
1318 2395 1386 2447 ‘Vs-

292 2475 320 2524 iu
338 2477 459 2540 auspiciis
475 2476 544 2540 quod
559 2477 628 2524 omni
648 2476 711 2524 vitio
733 2481 820 2535 esret3
858 2472 955 2535 lesina,'
971 2473 1126 2533 ‘Valerius’
1143 2479 1172 2522 et
1189 2461 1290 2521 similia.
1322 2473 1386 2521 Ter·

292 2549 342 2598 boc
356 2550 505 2614 intelligere
519 2550 630 2613 perlecti
650 2549 751 2610 erigaris
770 2557 819 2598 est.
858 2552 995 2600 tullianus:
1014 2553 1082 2615 ‘qno
1093 2549 1182 2599 differt
1195 2550 1227 2598 ab
1245 2549 1320 2613 epulo
1337 2549 1384 2600 Jo-

294 2623 345 2673 lllc
361 2632 458 2688 autem,
479 2627 522 2688 qni
542 2626 567 2673 in
588 2625 728 2687 auspicium
747 2623 818 2672 adlui-
857 2626 896 2674 vis
915 2625 1086 2674 silicernium?
1111 2640 1126 2672 a
1150 2625 1275 2688 simpuvio
1299 2623 1385 2673 obba?

291 2697 379 2762 betur,
390 2713 446 2748 cum
458 2701 494 2748 ita
507 2700 643 2761 imperavit
661 2699 691 2754 is,
711 2699 755 2763 qni
773 2712 817 2748 an·
856 2703 889 2750 ab
901 2703 1019 2764 aruspice
1031 2700 1170 2764 pollinctor
1178 2699 1196 2748 ξ’
1208 2699 1383 2750 Glossarium:

292 2773 418 2837 spicatas,
438 2787 533 2823 urcino
548 2787 571 2822 ss
588 2785 740 2822 scunarium
757 2787 818 2824 ussa
857 2777 1038 2836 ‘silicernium
1056 2774 1208 2838 περίδειπνον.
1225 2773 1385 2838 λύχνουεγδρ

291 2861 424 2906 erumna,
442 2863 490 2898 uec
506 2850 623 2913 suspicit,
641 2863 689 2899 nec
707 2853 817 2898 circnm-
855 2851 938 2901 deren
949 2854 975 2900 lu
984 2851 1060 2901 πένθει
1078 2849 1203 2911 oitlmss’
1219 2851 1322 2900 ridetur
1340 2865 1383 2899 ac-

292 2924 379 2985 spicit,
390 2923 477 2972 statim
496 2925 645 2987 respondet,
662 2937 815 2974 arnsurrvus
855 2927 962 2989 cepisse,
983 2927 1054 2990 qnasi
1076 2925 1251 2990 Setueeraiuss,
1267 2926 1314 2974 boc
1331 2933 1384 2987 est,

292 3009 352 3046 assa
378 3010 485 3056 vincul.
517 2999 764 3059 'l'rrmilte‚1srcmo
792 3015 816 3050 ss
855 3001 965 3064 ἂλυχνία.
1000 3003 1135 3051 Rationem
1166 3001 1231 3050 lianc
1263 2999 1382 3049 eruimus.

290 3083 459 3122 ruscvurvu.
494 3073 673 3121 unscrurvu!
714 3075 815 3124 Deinde
855 3076 942 3125 Natali
964 3075 1006 3124 dle
1027 3079 1139 3125 tuamne
1165 3075 1381 3124 accendebantur.

289 3147 628 3209 observabaturtripudium.
646 3148 816 3214 isssmuctet,
855 3151 988 3207 Mortuali,
999 3157 1029 3200 nt
1040 3153 1179 3214 loquuntur
1190 3151 1255 3199 Cato
1266 3155 1293 3199 et
1304 3151 1383 3199 Plau·

289 3221 322 3270 da
335 3223 412 3271 Ateio
430 3224 556 3287 Capitone
572 3225 738 3287 intelligenda
748 3234 820 3287 arsut,
855 3233 904 3290 tas,
923 3227 948 3276 id
961 3241 1010 3276 uon
1023 3227 1155 3277 iaciebant
1167 3227 1265 3290 optima
1277 3227 1310 3276 de
1321 3241 1382 3276 can·

290 3304 320 3344 nt
328 3303 437 3359 apparet
449 3297 514 3344 inira
524 3299 549 3345 in
561 3299 569 3325 ‘
579 3299 725 3348 sinistrant
743 3300 804 3349 Due.
854 3316 891 3362 sa,
904 3310 931 3352 nt
942 3303 970 3351 rb
982 3301 1140 3366 tnturpcpor
1150 3304 1192 3360 riu
1207 3302 1331 3362 uulnus,
1340 3301 1381 3351 rei

321 3369 515 3434 sassenstein]
534 3371 814 3424 Cteciliuscbeiostate.
853 3378 896 3434 πῆς
905 3380 1019 3436 τελευτῆς
1044 3379 1219 3428 ostenderent.
1253 3377 1379 3427 Persicas

289 3443 358 3494 Vide
369 3444 401 3492 de
413 3445 461 3494 boe
472 3445 550 3495 serbo
563 3447 656 3496 Donat.
668 3449 693 3495 iu
703 3447 813 3510 Adelpir.
852 3450 999 3514 ‘unctaque
1019 3451 1134 3502 fenestre
1156 3451 1299 3516 Dispositis
1323 3453 1382 3516 piu·

290 3517 413 3582 Nonium,
424 3527 451 3568 et
464 3521 621 3570 Placiurlem.
638 3523 771 3582 Ausmeg.
853 3539 928 3588 grem
957 3527 1075 3576 nebulam
1100 3541 1222 3577 vomuere
1250 3527 1382 3576 lucemus!

321 3593 484 3656 Sitiessuirou]
501 3596 813 3659 Sitieerainm‚coeansuue·
851 3601 1026 3662 il'ertullinuus
1060 3603 1125 3652 libro
1152 3602 1185 3651 de
1211 3601 1378 3653 idololatria:

287 3670 345 3733 bris,
366 3685 436 3732 quous
457 3671 537 3718 Greci
557 3669 702 3734 περίδειπνον
716 3677 814 3722 omont.-
852 3674 905 3724 ‘Ar
924 3691 991 3726 ntruc
1011 3679 1099 3727 lucent
1111 3677 1235 3742 taberne,
1247 3685 1275 3727 et
1290 3678 1380 3741 jmnte

286 3749 361 3795 sedet
378 3746 632 3809 nonnulliinterprsos
648 3747 754 3810 Verrius,
771 3763 812 3796 ex·
852 3757 954 3799 nostrae.
989 3753 1142 3816 Pluresjam
1161 3753 1329 3802 Euboicorum
1341 3753 1380 3803 io-

286 3821 608 3882 ufiuuatuilrttatisdesse,
621 3835 689 3883 quem
707 3819 812 3885 isimon
853 3839 893 3873 res
916 3827 970 3876 siue
988 3827 1110 3884 lucernis,
1128 3834 1156 3876 et
1178 3828 1283 3889 laureis,
1301 3843 1378 3892 quam

286 3897 449 3954 ausscreinsea
465 3895 573 3958 dicimus,
589 3911 632 3958 quo
645 3897 811 3959 stetemsunu'-
851 3900 1070 3951 Christianorum!
1097 3901 1132 3951 At
1142 3900 1256 3950 ἐνπένθει
1267 3902 1380 3966 quidem,

286 3971 319 4018 tic
327 3986 429 4033 purgare
441 3974 509 4022 solet.
523 3975 579 4035 quin
599 3971 665 4030 cuias
680 3975 773 4022 acutae
783 3987 811 4023 ee
851 3983 879 4024 ut
890 3984 963 4039 puto,
973 3991 1023 4025 non
1038 3978 1223 4028 accendebant.
1256 3977 1378 4028 Celerum

285 4059 326 4093 res
344 4047 520 4107 instituebatur,
535 4048 589 4107 jem
603 4047 747 4096 silicernium
761 4063 809 4098 eer-
851 4063 954 4113 semper
973 4053 998 4100 in
1025 4052 1108 4115 cippis
1126 4053 1301 4116 sepulcromm
1323 4065 1378 4100 aas·

287 4125 361 4169 aues.
396 4123 506 4171 Cedias
515 4122 654 4171 obdurare:
673 4122 770 4171 Credidi
778 4125 811 4172 si·
851 4127 1146 4188 pendebaurlucemas:
1170 4127 1313 4191 cujusmodi
1329 4127 1377 4176 lie·

285 4192 472 4256 Εεπιιίιπιριιι
489 4212 526 4247 sae
543 4211 593 4248 csse
610 4211 711 4247 rsuram·
750 4199 809 4249 stit·
849 4202 909 4251 tiles
936 4205 1029 4254 multas
1050 4205 1168 4254 videmus
1191 4219 1225 4253 ex
1245 4203 1376 4254 veteribus

286 4269 504 4334 mraiisupraet
521 4271 631 4336 slibt,rt
647 4271 733 4332 ἔτυμον
749 4275 810 4326 atti·
849 4279 1018 4330 monumentis
1037 4285 1131 4331 erutas.
1166 4281 1261 4330 Dicin
1285 4281 1376 4332 Douri-
