3208 4938
315 397 380 462 830
651 408 767 463 snxrr
793 406 947 456 nonsnn
973 406 1080 456 snsrr

315 556 579 641 Scaptensula⁴⁶
594 556 695 620 locas
710 555 767 620 ubi
784 561 955 636 argentum
968 551 1126 618 effoditur
1140 550 1175 614 ia
1190 547 1265 614 Ma·
1277 548 1414 632 [Pras.

358 659 500 724 cedonia
522 657 632 722 dictas
645 677 667 722 a
681 656 861 721 fodiendo:
883 674 1029 737 namque
1046 653 1168 719 Graece
1183 648 1321 714 σκάπτειν
1334 651 1415 716 elle·

357 763 434 826 dere
464 758 595 823 dicitar.
640 759 837 824 Lucretius:
859 755 992 835 Quales
1021 755 1171 838 exspiret
1199 752 1415 837 scaptensula

321 919 324 926 .
357 863 470 926 subter
485 859 615 924 oderes.

315 959 543 1048 Scaptensula,
559 961 642 1025 locat
665 959 719 1024 ribi
741 969 906 1046 argentam
930 956 1080 1042 effoditur
1094 959 1128 1022 in
1149 956 1263 1022 Mace·
1285 955 1413 1040 [Falsa.

357 1067 470 1145 donia,
483 1065 530 1128 ita
545 1061 644 1127 dictas
658 1060 848 1149 afodr'enda,
861 1059 952 1145 qnod
964 1067 1019 1125 est
1033 1060 1152 1126 Graece
1166 1059 1314 1123 cuturn.
1345 1054 1420 1122 Ira:

358 1166 488 1230 cretius:
511 1165 614 1250 qualis
626 1165 776 1246 exspiret
790 1161 1003 1246 Scaptensula
1017 1160 1123 1225 subter
1137 1159 1254 1226 adores.

314 1269 454 1353 Scaptia
476 1262 605 1332 tribasd
633 1286 654 1331 a
678 1266 811 1332 nemine
832 1266 925 1330 urbis
944 1265 1096 1348 Scaptiae
1118 1263 1235 1348 appel·
1271 1261 1411 1348 [Psun.

357 1371 457 1435 latur.
1091 1385 1099 1398 ·

317 1470 446 1554 Scaptia
457 1469 723 1534 tnbasanomine
735 1468 828 1533 urbis
838 1467 990 1552 Scaptiae
1000 1463 1169 1552 appellata,
1181 1487 1274 1552 qaam
1285 1465 1412 1548 [Fasa.

323 1625 327 1632 .
359 1569 485 1636 Pedani
499 1572 712 1636 incolebant..
809 1621 812 1628 .
1177 1617 1179 1624 .

314 1675 509 1740 Scelerata·
523 1680 635 1756 porta,
657 1691 734 1756 quae
756 1677 789 1736 et
806 1670 1023 1736 Carmentalis
1044 1671 1176 1747 dicitur,
1191 1689 1250 1735 vo·
1272 1669 1410 1754 [Paua.

357 1783 445 1851 cata,
460 1773 553 1856 qnod
577 1792 637 1857 per
650 1793 724 1837 eam
740 1791 803 1836 sex
818 1778 851 1836 et
872 1773 1013 1836 trecenti
1028 1771 1127 1836 Fabii
1148 1791 1223 1837 cum
1239 1772 1410 1836 clientium

357 1875 505 1938 millibus
521 1875 666 1957 quinque
689 1875 816 1956 egressi
839 1873 1001 1938 adversas
1018 1873 1191 1951 Etruscos,
1213 1873 1256 1939 ad
1277 1891 1410 1938 amnem

357 1975 544 2040 Cremeram
559 1994 674 2039 omnes
689 1982 766 2040 sunt
780 1975 956 2040 interfecti.

316 2075 485 2140 Scelerata
498 2083 590 2158 porta
606 2073 709 2139 eadem
720 2073 897 2160 appellatur
909 2095 929 2140 a
941 2075 1152 2158 quibasdam,
1167 2096 1233 2160 qna
1244 2083 1271 2138 et
1284 2075 1411 2158 [Fnsr.

360 2171 566 2238 Carmentalis
577 2173 702 2252 dicitur,
718 2176 811 2260 quod
824 2176 857 2240 ei
871 2177 1062 2258 proximum
1077 2175 1252 2240 Cannente
1265 2173 1410 2242 saeellm

347 2273 433 2360 fuit.
480 2272 638 2340 Scelerata
652 2285 774 2356 antem,
792 2277 882 2362 quod
896 2297 955 2362 per
976 2298 1048 2343 eam
1065 2297 1117 2341 ser
1131 2287 1160 2341 et
1176 2277 1302 2342 trecenti
1316 2275 1412 2341 Fabii

783 2488 904 2510 ΟΟΟΟΟΟ
906 2489 952 2510 Μ

344 2640 361 2683 t
379 2633 527 2697 negantum
540 2641 628 2685 monet
640 2635 704 2687 Dte.
715 2637 863 2701 Scaptensula.

804 2831 912 2884 NOTAE

345 2949 357 2975 ⁸
388 2940 553 3005 manna]
588 2944 658 3007 Lege
684 2943 839 3006 Mustela.-
880 2949 948 2998 latur
964 2964 979 2997 a
996 2949 1148 3014 quibasdam
1165 2949 1344 3005 carmentalis,
1362 2949 1409 3013 qal

312 3013 470 3075 ermina
496 3017 630 3080 Stephano
651 3026 679 3066 et
704 3019 838 3070 Plutarch.
879 3027 1096 3090 ncmnt,qaotlei
1109 3028 1406 3090 prcrimnmcarmeatat

313 3091 357 3155 qai
377 3092 402 3140 in
421 3091 542 3153 Thracia,
562 3107 611 3142 non
635 3093 661 3142 in
682 3093 840 3144 Macedonia
879 3101 1069 3151 arcellamlait.
1086 3104 1221 3153 Scelerata
1233 3101 1409 3166 ratem,an

312 3176 422 3229 ponant.
439 3168 517 3232 Apud
530 3169 632 3220 barret.
648 3167 784 3233 &aptante
795 3185 840 3221 no·
880 3189 928 3238 per
944 3190 1000 3226 erm
1020 3191 1064 3226 sea
1081 3185 1109 3228 et
1127 3178 1238 3228 trecenti
1260 3177 1333 3227 Fabii
1348 3191 1409 3226 ean

313 3253 371 3288 men
383 3243 502 3302 generale
514 3251 555 3291 est
565 3245 614 3292 τᾶν
622 3243 780 3306 μεταλλείαν,
792 3259 839 3296 tea
880 3251 1015 3302 clientium
1043 3253 1156 3303 millibus
1177 3253 1289 3317 quinque
1309 3254 1407 3315 egressi

311 3313 457 3362 fedinernm
466 3316 838 3383 metallariaramnsmpema·
880 3327 1004 3377 advertat
1017 3329 1161 3380 Hetrusca·
1177 3331 1209 3378 etl
1225 3343 1326 3378 amnem
1341 3330 1407 3378 Cre-

312 3389 377 3438 teria
389 3387 500 3439 iestllir:
519 3405 638 3442 vocamus
648 3399 711 3446 terre
721 3397 839 3446 aaziae:
879 3415 976 3452 meram
995 3419 1084 3455 amnes
1100 3413 1161 3456 runt
1179 3404 1328 3456 interiectis
1353 3421 1410 3471 qna

312 3463 438 3528 eulmen,
452 3463 781 3530 fodere,etlan‚materia.
799 3469 838 3520 lt.
879 3490 912 3526 ex
934 3493 1013 3529 caure
1034 3495 1082 3543 per
1103 3496 1160 3532 earn
1186 3489 1286 3546 portam
1308 3483 1408 3533 inttm

343 3539 565 3604 ‘Scaptiatrilad
592 3545 713 3594 Meminit
724 3545 781 3594 Llr.
792 3545 838 3596 lib.
879 3553 1001 3616 egredive
1028 3554 1101 3606 netu
1128 3557 1245 3607 liabetur.
1278 3557 1408 3608 Oritliatr

312 3629 375 3666 rrrr.
386 3625 450 3668 teet.
464 3621 503 3667 lt.
528 3617 643 3668 ‘Eadem
662 3635 729 3670 anna
745 3633 838 3672 cenant
879 3627 939 3677 ‘lre
951 3631 1070 3692 perhanc
1082 3632 1317 3697 nall,qnitqniaet=
1329 3645 1407 3682 amen

312 3701 394 3750 actas,
416 3692 528 3758 novique
555 3694 625 3745 ciret
651 3698 730 3755 send.
756 3696 838 3748 nitur
878 3703 973 3756 imbet’
1006 3705 1057 3757 Et:
1085 3707 1184 3758 ‘Porta
1213 3715 1289 3758 ruent
1313 3709 1407 3772 cnlpae

312 3777 418 3833 prepter
435 3783 480 3820 ent
494 3769 591 3822 ariditas
606 3773 702 3823 llloeria
717 3780 745 3824 et
758 3774 838 3838 Scap·
878 3779 923 3828 tetl
936 3787 1020 3830 tamen
1031 3797 1105 3831 amen
1116 3782 1213 3835 lrabet.'
1229 3785 1283 3833 Jor-
1294 3783 1359 3836 Stat.

312 3845 356 3895 tie.
377 3845 837 3902 &prosterneremuro-Pubtttnn
909 3855 1031 3906 sabrate
1045 3859 1126 3922 perta]
1149 3858 1227 3921 vide,
1249 3859 1258 3886 ‘
1276 3859 1407 3925 Religioni

312 3920 396 3982 Phile,
405 3923 450 3986 Sp.
463 3923 646 3974 Parthamiat.’
662 3925 705 3975 Ob
716 3925 837 3976 Pedanos
877 3939 918 3979 est
926 3931 1076 3994 qnibattlam
1083 3941 1159 3997 parta
1167 3936 1324 3985 Carmentali
1332 3951 1407 3996 epre-

311 3997 417 4047 civitate
429 4007 548 4063 receptor
564 4001 647 4050 tribas
659 4000 748 4051 addita
758 4003 837 4067 Scap·
877 4005 922 4054 ei:
950 4005 1070 4056 Ceteram
1081 4009 1123 4058 blc
1132 4011 1295 4060 minarent
1304 4009 1407 4068 infelix.

310 4071 356 4120 tls.
381 4072 513 4136 Scaptium
523 4074 612 4125 arbem
625 4075 651 4124 la
663 4075 739 4126 Latia
749 4089 837 4127 name·
878 4078 999 4130 infausta.
1032 4083 1114 4132 Salar
1123 4083 1191 4134 enlm
1204 4093 1245 4134 eat
1256 4083 1406 4134 infelicitas.

311 4154 351 4194 rat
364 4147 432 4196 Plin.
450 4148 525 4198 Idem.
877 4155 937 4206 Hae
948 4157 1075 4222 dieaqale
1085 4159 1240 4210 inhaerere
1250 4160 1407 4223 upaaenrla

342 4226 355 4252 ⁸
370 4221 502 4286 Scelerata]
517 4225 650 4276 Scelerata
662 4233 737 4290 parts
748 4229 837 4292 appel·
879 4225 1058 4297 sqaibnatlenr
1071 4239 1208 4298 peccatam
1220 4243 1271 4285 eat.
1289 4234 1350 4286 a«.
