3146 4932
212 813 411 931 SEX.
464 818 885 938 POMPEII
939 821 1195 940 FESTI

686 1105 735 1152 DE

163 1309 583 1408 VERBORUM
623 1315 1251 1411 SIGNIFICATIONE

549 1587 714 1663 usss
755 1569 875 1662 xm.

517 1837 909 1876 ..ι-ιη...-

55 2083 60 2089 .
171 2007 263 2098 ΟΒ·
283 2039 479 2122 praepositio
494 2039 578 2104 alias
594 2040 729 2122 ponitur
743 2043 805 2122 pr'o
820 2038 955 2116 circum,
970 2046 1008 2106 ut
1024 2060 1100 2106 cum
1123 2039 1258 2124 [Pius.

215 2137 355 2204 dicimus
370 2139 481 2204 urbem
496 2139 654 2216 obsideri,
668 2139 848 2223 obsignari,
863 2140 1041 2206 obvallari:
1063 2143 1148 2205 alias
1164 2142 1259 2223 poni·

215 2243 267 2301 tur
287 2239 321 2301 in
338 2239 444 2304 vicem
459 2239 717 2322 praepositionis‚
738 2261 814 2324 quae
830 2247 882 2304 est
897 2247 1044 2324 propter,
1067 2249 1107 2306 ut
1122 2239 1176 2305 Ob
1192 2260 1259 2304 me-

215 2337 292 2412 rita,
307 2340 350 2402 ob
364 2347 541 2423 superatos
555 2340 691 2406 hostes:
712 2341 798 2405 unde
813 2339 959 2418 obsides,
975 2362 1036 2424 pro
1051 2341 1188 2421 obfides,
1202 2343 1260 2426 qui

219 2439 264 2502 ob
277 2437 373 2502 iidem
395 2441 511 2522 pstriae
534 2441 759 2526 praestandam
781 2441 920 2506 dantur:
941 2442 1025 2506 alias
1047 2463 1108 2525 pro
1133 2443 1176 2506 sd
1200 2461 1260 2526 po-

218 2537 317 2618 nitur,
332 2545 367 2604 ut
381 2541 527 2607 Ennius:
551 2539 605 2604 Ob
620 2541 763 2606 Romam
776 2544 878 2604 noctu
893 2539 1043 2622 legiones
1058 2543 1177 2608 ducere
1191 2561 1261 2606 coe-

216 2641 288 2723 pit:
310 2647 345 2704 et
360 2641 459 2705 alibi¹
483 2643 526 2706 ob
541 2641 679 2726 Trojam
697 2643 793 2706 duxit
808 2643 1008 2705 exercitum.

175 2739 230 2803 Ob
257 2741 452 2823 praepositio
474 2742 559 2806 alias
581 2743 714 2826 ponitur
736 2761 796 2824 pro
818 2743 953 2819 circum,
976 2749 1113 2805 uicum
1138 2739 1261 2822 [Fsss.

218 2839 361 2904 dicimus
374 2842 488 2904 urbem
504 2843 661 2921 obsideri,
678 2843 857 2926 obsignari,
874 2826 1048 2906 obvallari:
1091 2839 1190 2904 Alias
1203 2859 1263 2924 po·

216 2943 306 3005 nitur
320 2941 353 3003 in
368 2941 473 3004 vicem
487 2943 734 3026 praepositionis
749 2962 825 3026 quoe
841 2950 895 3007 est
911 2951 1054 3027 propter,
1078 2949 1115 3006 ut
1136 2943 1181 3006 ob
1196 2961 1263 3004 me-

629 3121 657 3140 Ν
660 3121 808 3144 ΝΜΟΝΟΟ

210 3237 223 3283 1
243 3231 273 3282 In
285 3235 326 3282 sd.
338 3234 407 3284 Seni.
419 3233 554 3299 sequentia
565 3235 603 3286 iis
614 3235 756 3288 iubentur:

306 3299 425 3347 ‘etsiibi
537 3335 544 3349 .
641 3335 648 3350 .
745 3333 753 3350 .
852 3333 859 3350 .
973 3297 998 3347 ni
1012 3312 1041 3346 nr

176 3361 209 3412 ob
219 3361 326 3428 Trojum
339 3362 413 3410 duxit

258 3459 266 3474 .
332 3459 340 3476 .
390 3423 501 3475 obsideri
512 3427 547 3476 ob
642 3459 649 3475 .
748 3461 755 3476 .
853 3461 860 3476 .
958 3457 966 3472 .

259 3525 267 3541 .
333 3523 341 3538 ·
391 3491 417 3540 in
429 3492 510 3539 vicem
520 3503 608 3554 propo
642 3525 649 3540 .
748 3527 755 3541 .
852 3525 860 3540 ·
956 3520 964 3536 ·

260 3585 268 3602 ο
333 3587 341 3602 ι
390 3563 526 3618 limenio.
641 3589 648 3606 ι
745 3589 753 3606 0
849 3585 858 3603 ο
955 3585 962 3601 ι

261 3651 268 3667 .
334 3647 341 3664 ·
391 3620 435 3667 rias
448 3618 620 3680 prestandum
748 3654 755 3670 .
852 3651 860 3668 .
957 3647 964 3663 ·

263 3715 271 3730 .
335 3715 341 3730 .
390 3681 539 3732 obldomsni
553 3697 600 3732 noc
748 3717 755 3733 .
851 3711 859 3728 .
957 3711 964 3728 .

261 3777 268 3794 .
331 3780 339 3795 .
389 3745 624 3810 ob'l'rojamduxit
747 3779 755 3796 .
853 3777 861 3794 .
957 3741 981 3790 ·’

670 3897 776 3954 Nom

212 4023 224 4050 ¹
245 4014 296 4078 Ob]
315 4014 337 4064 Α
355 4015 449 4066 Groeco
467 4015 514 4079 dri,
531 4016 605 4079 enjus
619 4030 649 4064 es
668 4015 706 4065 vis
747 4011 952 4080 quisobsidionis
970 4009 1100 4061 solvendae
1114 4012 1198 4073 gratis
1214 4009 1270 4063 dadi

179 4101 231 4152 en,
240 4093 348 4146 circum,
358 4099 476 4155 propter,
487 4091 529 4148 sd,
539 4095 588 4141 dte.
608 4091 707 4141 ouda
747 4097 817 4140 suut.
850 4089 948 4138 Venus
965 4087 1039 4135 Ennii
1050 4094 1091 4134 est
1101 4099 1133 4134 ex
1146 4099 1205 4136 vm.
1217 4088 1272 4137 An·

147 4155 151 4163 ’
181 4175 269 4215 sutem
280 4179 331 4217 non
341 4168 413 4232 qimi
423 4167 524 4233 odfldess
541 4165 588 4216 ned
599 4167 658 4231 quis
668 4168 706 4231 Ιρ-
747 4167 799 4216 nsi.
820 4164 854 4214 ds
870 4159 1009 4219 Andibus,
1026 4161 1069 4224 qni
1093 4173 1108 4209 ι
1129 4157 1270 4214 Tarentino

181 4241 203 4290 ιὶ
225 4239 377 4294 obsidentur
398 4250 427 4292 et
453 4241 641 4306 custodiuntur,
666 4243 707 4294 vsi
748 4255 809 4306 agro
821 4247 898 4292 noctu
910 4237 998 4290 urben
1010 4237 1094 4303 petiit.
1109 4238 1170 4288 Dae.
