3180 4920
327 351 376 403 nn
399 351 606 404 vuasonnn
630 319 940 408 srunrsrosrrortn
966 359 1037 408 nm.
1061 359 1142 408 xvr.
1223 343 1289 413 763

238 493 398 580 promisit,
419 497 657 580 spoponditne,
674 519 714 562 ac
741 498 858 564 debet:
882 519 923 564 ac
939 499 1060 565 Gallus
1075 501 1188 566 AElins
1203 490 1289 567 libro

240 598 389 662 secundo
406 598 680 680 significationum
696 601 881 677 verborum,
897 620 974 686 qnae
990 601 1032 666 ad
1043 601 1102 684 jus
1117 604 1290 685 pertinent,

240 699 305 761 eitt
329 697 423 762 Reus
437 706 500 775 est,
515 700 574 782 qui
589 720 665 764 cum
688 700 790 764 altero
805 701 897 764 litem
912 706 1132 766 contestatam
1142 711 1162 738 ¹¹²
1177 704 1288 782 babet,

240 799 313 862 sive
328 799 358 862 is
373 801 451 882 egit,
466 801 537 863 sive
552 787 629 864 curn
643 819 683 864 eo
698 804 807 864 actum
822 808 884 866 est.
930 801 1023 865 Reus
1035 802 1226 884 stipulando
1239 811 1291 867 est

238 899 328 963 idem
344 901 402 982 qui
413 895 589 982 stipulator
601 899 737 965 dicitnrr
759 901 886 985 quippe
902 921 965 966 sno
980 903 1112 966 nomine
1126 903 1169 966 ab
1184 903 1290 968 altero
1375 967 1378 976 ,

237 1000 315 1086 (qui
332 1001 513 1083 stipulatus
526 1002 617 1081 est,¹⁸
640 1023 705 1066 nou
721 1005 752 1066 is
768 1004 826 1086 qni
849 1001 945 1067 altori
972 1003 1198 1086 adstipulatus
1212 1008 1289 1082 est.)

241 1101 338 1166 Reus
365 1103 585 1184 promittendo
610 1111 676 1182 est,
691 1105 751 1186 qui
767 1123 829 1168 suo
851 1104 982 1169 nomino
1007 1104 1103 1168 alteri
1118 1106 1196 1188 quid
1212 1124 1290 1188 pro-

238 1203 340 1284 misit,
353 1204 454 1285 quivc
469 1210 494 1253 ¹⁹
514 1223 575 1286 pro
592 1203 696 1268 altero
712 1205 792 1288 qnid
808 1207 979 1289 promisit:
1004 1213 1041 1269 at
1055 1204 1181 1287 Capito
1194 1205 1291 1269 Atei-

239 1311 316 1366 us²0
341 1306 375 1367 in
391 1303 504 1367 eadem
522 1303 653 1387 quidem
667 1305 826 1386 opinione
841 1314 914 1385 est;
938 1307 999 1369 sed
1019 1306 1173 1387 exemplo
1193 1306 1290 1389 adju-

239 1413 318 1468 vet¹¹
334 1405 652 1486 interpretationem.
676 1403 790 1468 Numa
802 1409 834 1469 in
851 1407 999 1470 secunda
1012 1406 1128 1470 tabula
1143 1408 1291 1472 secunda

240 1504 324 1587 lege,
348 1505 382 1567 iu
409 1524 477 1588 qua
497 1505 658 1588 scriptum
682 1513 754 1568 est:
778 1504 882 1583 Quin
907 1522 1041 1570 nonum
1068 1521 1155 1570 surr
1177 1525 1289 1574 unum

242 1621 370 1670 suntor
390 1621 608 1669 sanrnuovu
632 1621 769 1682 nnovn,
786 1625 831 1670 no
862 1624 925 1672 nin
954 1624 1162 1674 orrrunsns
1189 1626 1289 1674 asro.

241 1727 329 1772 nunc
355 1713 491 1791 uterque
515 1713 623 1784 actor,
636 1716 805 1789 reusqne¹
826 1709 860 1772 iu
878 1709 1006 1792 judicio
1021 1730 1074 1774 me
1091 1717 1103 1745 ¹
1130 1718 1289 1778 vocatur:

240 1811 388 1893 itumque
403 1816 579 1874 accusator
590 1808 630 1872 de
650 1809 696 1886 vi,
712 1809 841 1874 accitur
855 1830 945 1875 moro
961 1817 1079 1890 vetere,
1095 1819 1130 1875 et
1147 1831 1290 1876 consue·

242 1911 355 1974 tudine
370 1912 514 1993 antiqua.

201 2009 293 2090 Reus
317 2031 391 2076 cnm
405 2017 488 2094 pro⁰
503 2022 633 2098 utroque
651 2021 801 2096 ponatur,
820 2022 855 2076 nt
878 2013 923 2076 ait
941 2011 1075 2078 Sinnius
1089 2015 1125 2078 in
1140 2035 1182 2080 co
1197 2035 1290 2098 quem

242 2111 279 2174 de
292 2133 342 2176 reo
356 2111 506 2192 inscribit,
522 2123 558 2177 nt
573 2136 641 2177 oum
656 2114 737 2180 dicit
750 2135 811 2198 pro
830 2135 879 2194 sc,
903 2125 960 2180 aut
982 2125 1089 2180 contra
1103 2126 1132 2180 te
1146 2115 1291 2202 ogit,ju·

242 2223 385 2278 ramento
397 2223 457 2279 tuo
471 2217 520 2308 uti
529 2225 642 2300 potest.

655 2397 837 2422 “tuamne

234 2514 267 2560 tn
284 2513 418 2575 negarem,
426 2510 508 2578 inquit
520 2512 584 2562 Dnc.
596 2512 688 2577 Qtipne
697 2529 738 2564 mo
745 2515 837 2565 amine
847 2515 877 2564 nl
887 2515 960 2564 attero
970 2513 1027 2577 qnid
1035 2513 1161 2576 stipatum
1167 2517 1211 2562 est.
1229 2513 1291 2562 Vct.

200 2575 257 2624 eod.
273 2575 355 2639 pitu
366 2579 489 2640 pepntntm
506 2591 553 2640 pro
570 2582 611 2640 unt
628 2579 827 2642 ntpntumprs
844 2579 884 2629 ld.
900 2579 1012 2643 qna-20
1035 2577 1078 2627 Id.
1094 2579 1230 2628 auem-l
1249 2576 1292 2626 1n.

199 2645 305 2690 cetorum
317 2640 426 2703 κὴρ-2
442 2640 503 2691 Vct.
515 2641 561 2690 lib.
573 2656 635 2693 reas.
668 2642 734 2693 Vide
747 2644 809 2694 Not.

694 2799 800 2853 Nom

231 2921 250 2948 ¹⁸
267 2913 332 2964 aen
346 2917 442 2978 emon
462 2927 515 2965 cam
529 2917 603 2966 attera
622 2917 640 2966 t.
662 2917 726 2981 eoa]
767 2913 1031 2977 nortanilinre,'&c.
1065 2905 1188 2963 stranea
1204 2913 1292 2962 velat·

201 2991 260 3040 Hoc
277 2999 318 3040 ost
329 2991 411 3040 omnis
422 2991 537 3054 litigator
549 2991 641 3042 Cicero
653 3005 683 3043 rr.
695 2992 727 3040 dc
767 3000 905 3042 reruterex
915 2988 1089 3054 litigatoribus
1095 2988 1183 3038 morbo
1193 2987 1292 3038 sontico
1326 2991 1329 2998 '

202 3067 304 3116 Orator.
322 3065 411 3116 ‘Reos
419 3069 533 3131 appello,
541 3081 590 3118 non
599 3068 727 3118 eosmodo
768 3068 964 3132 impediebatur,
976 3064 1137 3128 lexjubebat
1149 3064 1214 3111 diem
1223 3063 1292 3126 jndi-

202 3142 245 3206 qui
256 3149 406 3205 arguuntur,
418 3143 463 3189 sed
480 3157 566 3192 omnes
577 3157 683 3206 qnorum
695 3145 728 3193 de
768 3145 803 3194 cii
815 3159 871 3193 esse
889 3141 1009 3201 diffisum,
1021 3141 1069 3188 troo
1086 3145 1135 3194 est,
1153 3139 1292 3203 prolatura,

201 3233 229 3266 ro
239 3217 409 3280 disceptatur.
438 3216 482 3266 Sic
494 3217 561 3266 enirn
573 3217 634 3266 olim
645 3217 729 3281 loque·
769 3225 797 3264 et
807 3219 833 3264 in
845 3217 912 3265 diem
924 3217 1033 3265 alterum
1047 3215 1179 3277 rejectum.
1198 3215 1260 3264 Duc.

180 3335 183 3342 .
201 3293 314 3343 bantur.'
333 3293 406 3342 Idem.
800 3289 1292 3353 ⁰Rmcumpr01Renscnmproatrcqne

232 3375 245 3401 ⁸
262 3368 309 3416 Sed
321 3369 423 3430 exemplo
433 3365 541 3428 adiuuet]
563 3367 611 3416 Sed
622 3371 727 3430 exempto
767 3366 890 3428 litigatore
903 3367 968 3428 poni,
983 3369 1010 3414 nt
1020 3365 1091 3428 aa,
1100 3366 1142 3427 qai
1157 3366 1182 3414 ia
1192 3367 1293 3430 aliquem

202 3442 296 3504 adiacet
312 3443 528 3505 interpretationem
545 3443 626 3492 Narro
645 3444 672 3492 in
692 3458 728 3492 u·
767 3443 836 3505 ugit:
854 3448 903 3491 tam
911 3455 990 3504 meo
1001 3441 1108 3504 qaidicit
1118 3457 1161 3502 pro
1171 3449 1293 3503 muncler

201 3519 485 3579 amatunamseenrdu
493 3519 728 3583 legataquurcrip·
768 3553 775 3568 .
809 3550 817 3566 .
850 3552 857 3566 .
890 3517 989 3581 reliqna
1002 3529 1051 3564 uon
1062 3516 1135 3578 potui
1147 3517 1292 3579 expiscari:

202 3598 267 3642 tna.-
283 3605 333 3644 ter.
344 3606 421 3646 curn.
435 3607 547 3644 nonum.
557 3607 638 3646 suan.
647 3609 727 3646 urrunr
769 3601 796 3641 et
813 3604 890 3654 supro
901 3591 955 3654 jam
973 3590 1077 3639 dixerat
1089 3591 1170 3638 Reum
1182 3599 1234 3641 tom
1247 3604 1294 3653 pro

204 3681 320 3718 Junrcnr.
340 3681 513 3718 sasrruovn.
541 3681 643 3718 ancus.
666 3683 727 3719 ursa
769 3683 808 3724 eo,
824 3669 868 3732 qni
885 3665 1016 3720 convenit.
1034 3677 1108 3728 qnam
1126 3672 1173 3727 pro
1189 3677 1230 3724 eo,
1248 3665 1293 3728 qni

202 3755 360 3793 nrmrtsus.
372 3757 445 3794 nono.
469 3745 645 3808 Nnncnterqae
654 3747 729 3808 octor,
768 3741 930 3802 convenitur,
946 3753 961 3788 a
976 3738 1115 3788 Veteribus
1135 3745 1294 3802 usurpatum.

202 3833 298 3882 meque
314 3818 469 3879 armatum
484 3825 608 3869 meatur:
629 3820 729 3884 nam
768 3818 821 3866 Jon.
834 3815 898 3866 nen.
1284 3825 1288 3832 “

203 3895 728 3946 nccaretcrdeoiccitnrnmreoetmctcon·
802 3891 867 3944 Bw
881 3885 1102 3952 “mltmffltlffl
1129 3885 1172 3935 1⁸⁸
1183 3887 1294 3939 wheth-

203 3971 326 4020 suetudine
334 3971 440 4033 mucan.
450 3971 581 4021 senseat.
597 3971 683 4019 Verba
694 3973 729 4020 le·
769 3967 821 4017 Sed
832 3967 862 4016 iis
873 3973 936 4030 puto
947 3964 1074 4029 quoddam
1091 3961 1295 4019 desiderorium

203 4045 367 4110 gin‘ntqnid
382 4045 485 4095 trornm’
503 4045 535 4094 nd
553 4045 729 4109 exceptiones,
769 4057 820 4108 que
850 4043 911 4092 milri
942 4053 1030 4090 sensus
1058 4037 1160 4087 videtur
1185 4040 1293 4103 integer.

203 4135 260 4185 qno
279 4135 322 4171 reo
338 4121 380 4170 vel
392 4120 476 4184 judici
496 4120 633 4183 dabantur,
650 4122 728 4184 porti·
767 4119 898 4183 Scriptum
910 4115 997 4166 forsnn
1013 4113 1186 4177 irrorantiam
1201 4129 1293 4178 apa.

203 4203 277 4263 nent,
292 4209 322 4247 ur
337 4203 376 4248 est
386 4199 394 4228 ⁸
406 4197 510 4249 morbus
525 4197 656 4263 sonticus:
673 4196 730 4248 ‘tu-
767 4209 792 4258 p.
808 4199 871 4245 reete
887 4193 923 4244 eit
938 4183 1038 4240 Stratus
1055 4189 1081 4239 ie
1097 4203 1123 4239 eo
1139 4204 1205 4254 poen
1216 4193 1244 4242 de
1254 4206 1293 4242 reo
