3136 4934
297 340 363 406 594
647 353 758 410 suxrr
784 351 938 402 rourum
964 351 1067 401 rusrr

299 496 445 564 Picnm‘l
458 505 585 564 avem¹³
601 497 738 580 qnidam
753 497 878 562 dictum
901 501 1021 580 putant
1036 515 1057 561 e
1072 493 1158 560 Pico
1177 511 1254 577 rege
1268 492 1392 560 Abori-

307 606 310 614 '
344 601 462 682 ginum,
479 597 569 680 quod
586 598 616 660 is
631 597 749 662 solitus
766 599 854 661 sit.¹4
912 641 919 659 .
961 592 964 600 ’
1008 642 1017 659 .
1106 643 1114 659 .
1202 641 1210 658 .
1298 639 1307 656 .

300 699 471 766 Pierides‘
483 717 590 762 musee
600 704 734 780 propter
750 699 985 776 amoenitatem,
1002 719 1043 763 nc
1058 698 1272 762 solitudinem
1287 697 1392 762 Pierii

342 801 466 865 mentis
488 799 590 863 dictae
610 797 774 876 videntur,
791 799 880 882 qued
893 808 917 846 ¹⁵
940 819 990 864 eae
1007 801 1143 864 secretis
1158 800 1241 864 locis
1257 805 1393 882 propter

298 973 302 980 ,
343 903 455 968 studia
465 900 616 965 liberalia
629 899 842 964 delectentur.

300 1001 455 1068 Pierides
468 1021 605 1066 musaeu
622 999 735 1064 Pierio
747 1007 857 1063 monte
873 999 974 1064 dictee
991 1005 1083 1064 sunt.
1254 998 1394 1082 [Puer.

301 1105 467 1169 Pietatem
483 1107 518 1166 ut
534 1102 629 1166 Deos
644 1107 771 1165 ceteros
784 1101 937 1164 celebant
949 1099 1107 1164 Remeni.

301 1203 446 1270 Pietatif
465 1204 573 1268 eedem
595 1204 638 1266 eb
668 1201 780 1266 Acilio
803 1209 1035 1265 consecratam
1058 1201 1161 1276 aiunt,
1190 1219 1231 1263 ec
1267 1199 1396 1282 [Fusr.

344 1307 435 1382 loco,
445 1323 513 1388 qno
523 1301 690 1386 quondam
700 1300 726 1342 ¹⁶
736 1301 1060 1367 mulierhebitnverit
1069 1321 1145 1384 quen
1155 1308 1285 1383 petrem
1296 1319 1395 1364 sunm

345 1407 513 1470 inclusum
534 1421 665 1470 carcere
685 1405 837 1469 mammis
852 1403 922 1466 suis
937 1403 1023 1466 clem
1038 1402 1169 1480 eluerit,
1184 1403 1229 1466 eb
1246 1400 1311 1464 hoc
1326 1401 1398 1464 lac·

345 1513 414 1571 tum
429 1505 608 1588 impunitas
621 1503 654 1566 ei
669 1521 833 1568 concesse
846 1505 926 1566 sit.¹⁷

303 1607 439 1688 Pigere,
454 1605 615 1669 interdum
629 1625 691 1688 pro
707 1605 843 1684 tardari,
858 1603 1020 1672 interdum
1036 1623 1098 1688 pro
1120 1603 1228 1688 poeni-
1260 1601 1398 1681 [Pnuc.

349 1714 418 1772 tere
434 1707 514 1790 peni
529 1707 626 1770 solet.

766 1885 947 1908 ΝΙΜΝΟ

338 2023 370 2087 rc'
386 2033 629 2086 tremulantem
640 2033 809 2098 hecquidem
825 2047 883 2082 esce
901 2031 981 2090 Festi.
993 2030 1039 2080 ced
1060 2045 1110 2080 nen
1125 2045 1158 2078 ex
1179 2037 1231 2079 rer.
1242 2028 1287 2077 lib.
1301 2035 1397 2078 sunite-

304 2103 370 2150 -lt
387 2099 435 2148 Ed.
455 2098 523 2146 Scel·
533 2113 578 2160 qne
587 2098 714 2146 diculutue
724 2099 830 2146 ait-rc
848 2097 913 2146 Eed.
925 2096 967 2146 ed.
978 2099 1095 2159 qun-ld
1110 2095 1172 2144 Vet-
1192 2093 1238 2143 lib.
1248 2095 1398 2156 predere.-

305 2169 336 2214 1⁷
353 2164 415 2213 Vct.
426 2163 470 2212 lib.
481 2162 612 2226 impertitur
623 2161 647 2212 ei
656 2161 826 2210 concurrerit.

796 2343 904 2395 NOTIE

335 2459 348 2494 ἆ
368 2458 466 2522 Picum]
490 2459 530 2508 De
544 2457 609 2507 Pico
621 2471 683 2520 rege
694 2456 721 2506 iu
732 2471 834 2507 erema
870 2457 1000 2507 Hebraice
1017 2455 1112 2521 plureei,
1131 2461 1214 2505 retes·
1247 2455 1283 2506 Et
1297 2455 1333 2504 ite
1345 2455 1400 2508 die·

306 2536 380 2586 Circe
392 2549 517 2584 ceurerro
528 2533 601 2597 Virg.
613 2533 657 2583 lib.
669 2547 719 2582 rrr.
733 2531 833 2582 AEneid.
870 2537 912 2580 tue
925 2533 1008 2594 Picus,
1018 2531 1087 2596 qnod
1100 2545 1147 2595 per
1155 2531 1278 2581 reticinie
1287 2531 1399 2583 celebri·

307 2611 385 2660 0rid.
402 2611 445 2660 lib.
462 2609 642 2660 melleum.
677 2609 833 2671 Huncepti-
870 2612 1009 2670 erret,&c.
1026 2607 1090 2656 Dec.
1387 2639 1391 2648 ·

305 2699 375 2733 mum
387 2699 509 2746 augurem
522 2681 609 2743 fuisse,
620 2689 647 2732 et
658 2681 744 2745 picum
760 2696 834 2730 erem
902 2687 914 2714 ²
930 2681 1051 2744 Pierides]
1072 2683 1125 2732 Cur
1137 2695 1215 2730 mucae
1225 2681 1304 2732 dicire
1316 2682 1398 2731 Pirri-

306 2757 456 2822 diligentins
464 2757 559 2806 ceteris
568 2755 726 2818 observasse,
734 2755 834 2805 eitSer·
870 2757 920 2818 dec,
931 2756 994 2805 mire
1006 2758 1117 2806 Veteres
1133 2756 1298 2820 dissentiunt,
1314 2758 1372 2808 ellit
1384 2773 1400 2808 ι

306 2833 362 2881 vine
384 2847 416 2881 ex
436 2831 507 2880 libris
527 2829 702 2878 Pontificelib.
723 2827 834 2877 vidend.
871 2829 959 2883 Pierio
975 2831 1138 2891 montecellis
1150 2845 1166 2879 e
1180 2830 1401 2895 Piericqundrru,

307 2907 377 2958 Plin.
400 2908 443 2954 lib.
462 2917 489 2953 x.
506 2917 564 2965 rep.
585 2905 623 2950 lc.
656 2903 697 2952 Eu
711 2902 750 2951 hie
762 2903 834 2952 Festi
871 2909 899 2955 et
919 2905 975 2956 eliis
998 2906 1101 2956 aliunde
1122 2921 1214 2956 nonreu
1232 2895 1399 2958 ducentibeie.

306 2981 395 3041 verbe,
407 2993 463 3042 que
480 2977 670 3041 desiderantur,
685 2977 834 3042 suspicabe-
870 2981 927 3044 Ego
939 2995 994 3044 qure
1006 2995 1038 3030 ex
1050 2981 1154 3030 residue
1168 2982 1282 3032 lectione
1299 2982 1400 3033 discere

306 3055 350 3103 rls.
368 3055 428 3102 Ant.
440 3055 504 3113 Aeg.
871 3055 954 3116 potui,
974 3057 1016 3104 vel
1034 3057 1186 3120 conjecture
1197 3057 1274 3106 etiem
1287 3061 1400 3122 eccequi,

238 3131 242 3138 “
339 3127 427 3176 Picum
448 3123 525 3188 ecem]
542 3127 608 3176 (lure
629 3125 672 3176 hic
688 3125 781 3180 deennt
796 3127 833 3178 cic
869 3127 986 3179 breviter
1002 3145 1137 3194 erponem.
1180 3131 1272 3181 Pieres
1282 3133 1399 3184 llrrueiae

306 3200 376 3251 forte
388 3201 531 3264 supplenda
544 3208 619 3252 nunt:
637 3203 660 3252 A
677 3217 733 3264 rege
748 3204 834 3253 Ateri-
870 3204 930 3253 clim
942 3207 1032 3269 popull
1044 3205 1127 3269 fuere,
1137 3207 1191 3271 qui,
1209 3209 1321 3272 propriis
1332 3209 1400 3258 sedi·

304 3277 399 3338 pinum,
409 3278 469 3340 qued
479 3277 501 3326 ir
513 3277 597 3327 colitur
607 3277 639 3327 tit
651 3293 678 3328 ec
688 3279 713 3328 in
722 3280 835 3342 auspiciis
871 3281 917 3328 bne
931 3281 1039 3342 relictis,
1058 3282 1220 3332 Macedoniae
1238 3289 1337 3347 purtem
1354 3285 1400 3334 eli·

305 3353 352 3401 uti.
385 3352 454 3401 Nem
466 3351 558 3402 Picum
575 3354 678 3402 Saturni
696 3353 833 3418 filiurncp·
870 3357 1064 3420 quam,deinde
1084 3359 1161 3407 etiem
1178 3358 1306 3408 Boeetiem
1324 3373 1400 3410 eccu-

306 3429 394 3479 timum
402 3444 521 3493 augurem
531 3429 657 3493 fuiree,et
665 3431 751 3494 picum
759 3446 833 3482 erem
870 3444 974 3492 perere,
993 3440 1020 3480 et
1038 3432 1064 3480 in
1080 3433 1183 3482 Boentie
1198 3433 1360 3498 Heliconem,
1371 3443 1400 3485 et

306 3505 400 3554 ceteris
418 3505 566 3568 diligentius
585 3507 735 3554 observante
749 3507 834 3571 tradit
870 3513 971 3555 antrum
983 3506 1160 3558 Libethridum
1172 3509 1361 3574 Nympharum,
1372 3519 1401 3560 et

304 3578 447 3628 Servineex
456 3579 526 3630 libris
536 3579 741 3634 Pontifleelibur.
756 3580 833 3631 ‘an
869 3583 895 3630 in
907 3583 1063 3634 Macedonia
1076 3587 1199 3650 Pieriam,
1216 3595 1243 3637 et
1253 3587 1399 3651 Pimpleam

305 3653 430 3718 fingitur:
449 3655 643 3730 inquir,‘qncd
661 3656 740 3705 Picus
751 3671 833 3720 augur
869 3657 955 3708 fontes
981 3659 1178 3713 dedicaverunt.
1211 3663 1287 3712 Unde
1313 3663 1397 3713 Muta

291 3725 366 3800 fnit,
377 3736 403 3777 et
415 3729 484 3778 dorni
495 3731 585 3780 hebuit
594 3731 689 3794 picum,
699 3745 746 3794 per
756 3746 832 3795 quem
869 3734 1088 3798 ‘Helle-oniam:
1104 3738 1112 3772 ⁴
1123 3737 1304 3799 Libethrides:
1320 3743 1327 3766 ⁶
1338 3737 1398 3787 Pie-

304 3802 393 3854 future
420 3808 554 3866 noscebat,
571 3807 637 3869 qued
664 3807 832 3858 Pontificeler
868 3808 955 3873 ridee‚'
971 3817 999 3860 et
1019 3811 1213 3874 ‘Pimpleider.'
1243 3811 1310 3862 Vide
1328 3811 1395 3862 inire

305 3879 422 3930 indicent
433 3879 509 3928 libri!
540 3879 615 3929 Idem
624 3881 717 3931 Isidor.
725 3883 769 3933 lib.
779 3898 831 3935 xrr.
869 3883 1062 3948 ‘Pimpleider.'
1079 3887 1153 3936 Idem.

306 3955 396 4018 origin.
430 3955 481 4003 Sed
499 3952 557 4003 ride
575 3952 642 4003 inire
659 3955 752 4006 influe
769 3959 831 4008 ίΡί-
900 3959 1028 4026 tPietati]
1045 3965 1105 4013 Eum
1119 3965 1395 4016 edemvovitnienlur

306 4039 352 4076 cur
364 4029 428 4078 rex!
441 4029 748 4080 Picureutenrebeedern
758 4030 831 4082 fonte
868 4034 966 4086 Acilius
987 4038 1105 4102 Glabrio,
1120 4041 1165 4102 qui
1185 4040 1343 4089 Prcccnrnle
1360 4040 1394 4088 de

307 4115 358 4164 qne
376 4104 487 4168 ‘phice,'
502 4103 592 4170 ‘piem’
609 4119 687 4168 cupre
697 4105 723 4156 in
737 4107 832 4158 ‘Piere-
868 4125 930 4175 rege
950 4111 1078 4162 Antiocho
1095 4113 1272 4177 triumphavit,
1292 4113 1395 4163 dedice.-

220 4183 222 4186 ·
306 4175 359 4226 rir’
377 4190 469 4243 nempe
486 4179 607 4246 epicelte,
624 4179 724 4246 rident,
740 4180 832 4248 idest,
868 4184 905 4236 rit
915 4184 981 4236 filius
993 4185 1019 4236 iu
1032 4185 1089 4238 fore
1104 4188 1217 4254 clitorio,
1235 4197 1263 4240 et
1278 4189 1332 4240 illic
1342 4197 1396 4239 etn-
