3190 4940
281 358 353 425 892·
608 369 723 420 sexm
748 369 902 418 venenu
929 367 1031 415 ruent

159 611 175 630 ι
231 531 234 537 ·
286 552 288 556 -
324 515 486 582 Plautus:
511 513 692 595 Flagitium
705 516 761 578 ‘est
773 512 804 578 si
818 510 901 576 nilril
915 511 1069 586 mittetur,
1085 528 1161 594 qum
1173 511 1376 592 supercilic⁷

325 620 425 701 spicit
446 625 481 682 ct
500 617 622 699 spexit.
669 612 796 678 Ennius
821 613 906 678 libre
932 611 1184 676 sextodecimo:
1206 613 1299 695 queri
1324 615 1381 678 ubi

324 739 383 784 rex
401 717 524 802 pnnle8
540 717 653 799 spexit
667 717 709 780 de
722 716 878 780 centibus
889 723 902 766 ⁹
914 713 1029 778 celsis.

283 821 438 904 Spiciunt
448 827 461 865 ¹
472 818 625 900 antiques
640 815 753 880 dixisse
766 814 830 878 sine
840 813 1057 898 praepositione
1072 815 1169 879 testis
1181 821 1233 878 esi
1244 814 1332 880 Gelo
1345 816 1381 878 iu

327 942 379 998 eu,
395 940 495 1005 quam
509 919 618 982 lnbnit
635 928 743 980 centra
762 915 926 982 Thermum
937 921 962 952 ¹⁰
983 915 1023 982 de
1038 924 1165 1000 septem
1179 917 1381 994 hominibus,

327 1030 363 1088 ut
378 1025 486 1087 solent
496 1021 610 1086 evitare
628 1019 789 1096 Sonivios,
804 1020 869 1084 nisi
891 1021 947 1103 qui
963 1020 1157 1102 sempiterni
1179 1025 1267 1096 sunt,
1290 1039 1381 1102 quos

327 1124 400 1190 dum
415 1133 593 1200 occurrent,
608 1143 651 1188 ne
666 1122 822 1207 spiciunt,
837 1141 945 1205 neque
960 1128 1052 1186 ratos
1067 1141 1127 1184 erre
1140 1118 1261 1210 uolunt.

285 1225 447 1310 Spicum¹²
463 1228 642 1293 masculine
666 1226 798 1310 antiqui
820 1225 989 1298 dicebant,
1011 1230 1049 1288 ut
1069 1224 1158 1288 hunc
1175 1224 1323 1306 stirpem,
1348 1229 1385 1286 et

328 1331 413 1396 hanc
442 1349 579 1394 emnem.
622 1329 750 1394 Versus
771 1334 823 1392 est
844 1327 1012 1410 antiquis:
1046 1326 1143 1410 quasi
1173 1325 1310 1390 messim
1327 1344 1386 1408 per

327 1433 453 1498 missim
469 1451 738 1514 unumquemque
748 1431 883 1512 spicum
896 1429 1040 1510 collegit.
1243 1423 1251 1436 '

286 1531 459 1616 Spintheri
483 1534 665 1597 vecabatur
689 1529 821 1594 armilla
842 1552 937 1616 genus
963 1529 1047 1615 quod
1068 1528 1216 1594 mulieres
1239 1529 1386 1610 antiquae

329 1653 433 1716 gerere
446 1631 583 1698 solebant
604 1631 728 1698 bruelio
743 1653 858 1696 summe
880 1633 1022 1696 sinistro.
1067 1631 1229 1697 Plautus:
1253 1629 1388 1696 Jubenr·

329 1755 388 1821 qne
404 1733 545 1818 spinther
558 1755 669 1798 novrum
680 1734 955 1799 reconcinnarier.

291 1839 421 1921 Spinter
435 1837 573 1906 armillae
589 1857 702 1920 geues,
717 1855 787 1920 que
803 1836 959 1902 mulieres
974 1836 1149 1902 utebantur
1161 1836 1236 1900 bra·
1251 1834 1389 1914 [Paua.

331 1940 406 2003 chio
423 1959 555 2002 summe
572 1939 717 2005 sinistre.

210 2109 220 2130 ‘
289 2041 497 2124 spintyrnix,
522 2060 625 2122 genus
643 2042 718 2107 avis
739 2042 845 2126 turpis
871 2039 1008 2122 figurae:
1042 2058 1083 2104 ea
1104 2039 1224 2106 Graece
1245 2037 1391 2124 σπινθαρὶς

332 2145 470 2208 dicitur.
1425 2151 1428 2156 ’

322 2391 409 2440 rVet.
421 2390 478 2440 ced.
496 2391 668 2453 rupertum-8
686 2393 747 2441 Vct.
767 2391 812 2440 lib.
831 2405 876 2440 rex
888 2425 895 2440 .
907 2423 914 2438 .
926 2425 933 2440 .
945 2392 1007 2439 iulo.
1040 2389 1100 2438 Vct.
1116 2387 1176 2437 ced.
1186 2389 1325 2437 nrm-9
1342 2389 1390 2438 Vir

291 2457 365 2506 (loct.
383 2456 408 2504 in
427 2470 507 2517 ruurg.
520 2457 562 2504 erl.
575 2457 643 2504 Scul.
654 2457 763 2519 conjicit
779 2457 898 2520 pertitur-
930 2455 998 2504 Vide
1014 2453 1076 2505 Net.
1095 2452 1236 2502 intra-1⁰
1255 2452 1304 2502 Ed.
1317 2454 1387 2504 Scri.

291 2536 363 2584 quum
374 2520 456 2569 nunu
468 2521 490 2577 Q
500 2520 528 2570 de
541 2522 667 2570 Thermum
677 2523 716 2570 tic.
893 2537 895 2544 ·

789 2617 900 2675 NOTAE

289 2731 368 2794 spexit
388 2732 418 2779 tle
441 2729 544 2779 cortibus
565 2732 649 2790 celrir,·
683 2732 733 2791 rel,
751 2731 820 2796 qnod
862 2729 910 2779 bur
923 2737 1014 2779 centra
1025 2729 1164 2778 'l'lrermnrn
1175 2727 1182 2750 ⁹
1194 2727 1317 2777 e'itstnru
1333 2729 1395 2778 Fer-

291 2809 371 2870 mngir
383 2808 477 2868 placet,
494 2807 558 2862 Quos
571 2807 609 2854 uti
619 2821 662 2856 rex
670 2808 735 2870 epulo
742 2807 822 2870 spexit
862 2815 900 2867 te,
917 2821 1044 2870 nunquam
1065 2821 1127 2855 vere
1146 2807 1175 2854 rie
1193 2811 1289 2869 septem.
1323 2805 1396 2868 Lego

230 2921 233 2930 .
291 2881 516 2931 nenorttlurcetrir.
550 2882 634 2931 Varro
646 2883 821 2937 inimatum·
864 2881 948 2932 inira:
968 2883 1019 2932 Nec
1038 2882 1150 2945 spiciunt,
1168 2895 1242 2948 neque
1263 2885 1327 2930 mter
1347 2895 1397 2932 eree

293 2973 337 3007 ner
350 2957 604 3019 nernutroepirsime
616 2957 822 3006 testimeniuVe·
863 2959 951 3008 edunt.
968 2959 1036 3007 Duc.

293 3045 378 3084 terunt
389 3033 425 3082 ita
437 3033 504 3082 solet
512 3031 687 3092 adducerent
700 3033 823 3098 pleraque
897 3032 909 3065 ¹²
925 3033 1034 3096 Spicum]
1051 3033 1252 3097 Legiturrpirus,
1261 3035 1397 3098 etrpicutrr.

293 3110 380 3160 verbis
408 3109 461 3158 rrris
485 3109 612 3166 enuntiet,
635 3107 697 3158 illud
723 3116 824 3158 tanturn
865 3109 971 3159 Servius
985 3111 1008 3158 in
1022 3109 1297 3172 1.Gecrq.‘Dinimns
1316 3111 1399 3160 ethic

293 3200 345 3248 que
358 3183 389 3232 de
402 3185 455 3246 agit
468 3185 572 3233 verbnm
589 3186 706 3246 petuisse
718 3194 824 3235 conten·
866 3187 963 3250 spitus,
975 3186 1174 3247 etlrecspicnnr.
1191 3185 1283 3234 Cicero
1294 3185 1319 3232 in
1328 3185 1396 3234 Aru-

294 3269 344 3308 tnr.
380 3259 472 3319 inepte
485 3257 637 3320 Sclreglriur,
650 3260 713 3314 Quor
724 3261 764 3308 uiri
781 3275 826 3310 reu
866 3268 909 3311 tc:
936 3262 1040 3325 Spicum
1064 3261 1166 3310 illustre
1188 3267 1278 3308 tenens
1301 3259 1398 3322 insigni

293 3333 667 3398 epulerpexitrirectilurceirer.
700 3337 733 3385 Et
745 3336 825 3385 iuter·
866 3339 1069 3400 cerporcvirgc·
1102 3334 1400 3386 Sedecirerlebemnriu

295 3419 414 3474 pretatur
424 3407 458 3457 tie
469 3421 543 3456 eoeuu
562 3409 606 3457 nbi
623 3410 827 3473 uterlirnperster
867 3428 913 3462 usn
930 3428 988 3462 esre
1007 3427 1022 3462 ι
1038 3414 1179 3462 masculino
1197 3421 1333 3476 utrumque
1353 3427 1401 3461 nu-

295 3487 386 3542 coiret,
399 3485 424 3534 iti
438 3493 487 3544 eut,
499 3485 600 3548 equites
619 3486 721 3548 aspicit,
738 3499 788 3534 nen
801 3487 826 3534 in
868 3503 981 3539 mernrn:
999 3505 1015 3539 u
1031 3499 1125 3539 neutro
1138 3503 1200 3538 vere
1220 3503 1287 3549 rure,
1295 3495 1323 3537 et
1342 3497 1400 3537 tun-

296 3573 368 3611 veste
380 3559 531 3615 coenatcria',
542 3560 585 3607 seri
600 3560 625 3608 in
642 3569 701 3623 toga
713 3559 824 3611 detritu:
868 3572 922 3614 tum
934 3567 1087 3626 singularem
1100 3565 1221 3623 inveniri,
1230 3579 1286 3613 nunr
1304 3565 1401 3627 plurali

296 3635 657 3698 nutrirlecctertcpaedetritae.
693 3637 826 3686 Homeru-
867 3655 993 3705 nusquam
1006 3643 1102 3690 lectum
1115 3639 1172 3690 ert?
1196 3641 1264 3690 Vide
1277 3637 1402 3690 Nonium.

297 3729 346 3776 gun
359 3713 470 3762 scilicet.
488 3712 551 3762 Duc.
866 3715 897 3765 In
917 3731 993 3766 versu
1016 3717 1123 3780 entique
1140 3717 1209 3780 lege,
1230 3716 1297 3780 quun
1312 3731 1403 3765 muner

328 3797 340 3832 r
357 3788 477 3852 Spiciunt]
496 3786 622 3851 Antiquos
639 3787 735 3838 dixisse
747 3789 772 3837 in
785 3803 825 3838 rc·
864 3807 908 3856 per
919 3793 1074 3854 mentimur.
1092 3792 1175 3841 idem.

297 3870 351 3916 lntn
374 3869 489 3915 cretione
510 3865 583 3915 testis
602 3875 643 3914 est
665 3867 731 3916 Cute
750 3867 775 3915 in
795 3881 826 3916 ea
896 3865 904 3900 ¹
921 3869 1046 3933 Spinther]
1064 3869 1150 3918 Plunt.
1165 3872 1190 3916 in
1200 3867 1328 3917 Menaeclr.
1341 3867 1401 3919 ‘Ju-

298 3957 373 4008 qnunr
395 3943 484 3992 habirit
504 3941 537 3988 de
554 3949 653 4004 reptent
675 3942 828 3994 hominibus.
869 3945 981 4008 beasque
1001 3946 1222 4009 spintlrernevurn
1235 3945 1402 3994 reconcinna-

298 4021 352 4067 Jnr.
364 4017 428 4066 Seni.
869 4019 939 4068 rier!
958 4023 1019 4069 Ant.
1031 4023 1095 4081 Aac.

331 4089 453 4153 Spicirrnt]
470 4089 596 4140 Mendese
608 4091 637 4138 ue
651 4096 739 4153 reptem
754 4093 827 4142 inuri·-
901 4093 1028 4158 Spiritu]
1045 4096 1147 4145 Groeclr
1160 4093 1306 4159 inpexiprur.
1329 4094 1401 4144 Pris-

298 4167 473 4229 rrilnulegitur
490 4180 536 4228 pro
552 4167 676 4216 &decern
691 4167 831 4230 nntium,
872 4170 938 4220 cisn.
971 4171 1058 4220 Plauti
1076 4171 1149 4221 locus
1166 4180 1207 4222 ert
1223 4181 1255 4221 ex
1274 4171 1405 4224 Mcnaech.

301 4243 367 4295 Nam
382 4257 452 4306 rupe
472 4243 539 4293 Cute
549 4243 599 4294 ‘de
618 4243 708 4294 decern
724 4244 831 4297 lromint·
873 4253 925 4296 act.
938 4259 980 4296 ιιι.
991 4261 1028 4298 re.
1040 4251 1064 4298 t.
1077 4247 1139 4300 Dur.
