3190 4940
342 416 391 464 ns
416 413 623 470 vannorum
646 416 957 468 sionrrrcs'rrons
981 419 1179 468 arn.xv11.
1241 406 1306 488 941

259 573 407 644 premam
419 559 672 626 advocationem.
711 559 802 624 Alias
811 583 872 645 pro
886 563 1033 627 maximo
1048 582 1125 627 cum
1140 563 1224 629 duas
1240 583 1307 628 ones

261 671 291 724 et
305 662 437 747 triginta
454 660 540 726 beves
554 683 736 746 supremam
748 665 882 728 multam
896 664 1039 728 dicerent.

219 764 373 848 Suppum
387 774 399 800 ¹
422 765 552 846 antiqui
567 765 736 841 dicebant,
756 783 856 848 quem
877 785 964 829 nunc
980 767 1133 848 supinum
1150 765 1308 842 dicimus,

256 886 299 930 ex
317 865 451 943 Groeco,
465 865 622 930 videlicet
636 885 698 948 pro
720 868 921 949 aspiratione
933 873 1097 949 ponentes
1119 866 1257 942 literam,
1271 873 1309 929 ut

260 967 445 1032 cumidem
467 963 537 1039 ὕλας
561 966 688 1042 dicunt,
703 973 737 1030 et
758 986 820 1030 nos
844 969 977 1050 sylvas:
1001 969 1077 1032 item
1103 967 1145 1044 if,
1168 986 1250 1032 sex:
1273 975 1309 1030 ct

261 1071 344 1144 tart,
359 1074 506 1149 septem:
529 1067 603 1150 ejus
617 1069 774 1132 vocabuli
787 1069 935 1132 meminit
957 1071 1059 1134 etium
1082 1069 1248 1134 Lucilius:
1271 1068 1308 1130 Si

260 1188 341 1234 vero
358 1170 431 1246 das,
445 1171 536 1252 quod
547 1175 651 1251 rogat,
662 1176 695 1236 et
709 1170 738 1232 si
753 1171 884 1250 suggeri
897 1179 909 1206 ²
924 1190 1064 1254 suppus.

218 1269 370 1352 Suppum
396 1272 526 1354 antiqui
551 1271 722 1345 dicebant,
753 1289 853 1353 quem
876 1291 963 1336 nunc
988 1273 1145 1355 supinum
1167 1271 1305 1355 [Paua.

262 1371 413 1436 dicimus,

217 1471 374 1554 Surregit,
390 1480 424 1536 et
438 1477 548 1538 sortus
559 1491 620 1556 pro
636 1472 788 1549 surrexit,
801 1477 834 1536 et
848 1475 946 1556 quasi
968 1475 1078 1552 possit
1092 1473 1163 1538 fieri
1181 1493 1308 1539 surrec-

260 1581 314 1638 tus
329 1574 512 1658 irequenter
522 1575 634 1657 posuit
648 1574 775 1638 Livius.
791 1635 795 1644 ,

218 1675 385 1760 Seri-regity
407 1685 442 1738 et
470 1683 600 1740 sorctus
627 1675 752 1760 antiqui
769 1675 926 1760 ponebant
935 1698 996 1761 pro
1012 1677 1157 1755 succesit,
1181 1677 1307 1762 [Fusu.

261 1777 383 1860 atejus
406 1777 582 1862 participio,
607 1777 698 1864 quusi
718 1777 758 1840 ait
779 1788 942 1856 annectas,
969 1779 1088 1864 qmbus
1112 1779 1150 1844 L.
1175 1779 1307 1844 Ιιίνίιιες

249 1877 436 1966 frequenter
448 1901 519 1942 usus
533 1889 588 1942 est.

217 1979 401 2058 Surremit,¹
414 1983 575 2064 sumpsit:
595 1982 695 2064 inque
710 1990 825 2046 suasru4
839 1981 993 2046 surremit
1005 1981 1149 2047 hastam.
1173 1976 1307 2063 [Pana.

217 2079 371 2143 Sarremit
386 2080 535 2164 sumpsit:
549 2081 640 2166 inque
655 2101 789 2146 manum
804 2084 953 2146 surremit
968 2080 1097 2144 iteratum.
1183 2083 1308 2164 [Fssr.

160 2233 164 2240 .
218 2179 404 2259 Surremsit,
418 2183 598 2247 sustulerit.
1172 2183 1309 2266 [Pauo.

219 2277 306 2344 idem
320 2282 527 2365 Surempsit⁸
540 2283 715 2366 usurpauit,
722 2304 784 2366 pro
797 2303 934 2366 puerum
948 2285 1127 2350 sustulerit.
1181 2285 1308 2364 [Fnsr.

676 2445 704 2465 Μ
708 2445 854 2466 Oenonen

250 2531 266 2577 2
283 2527 332 2576 Vir
342 2527 411 2577 (loct.
422 2528 448 2576 in
460 2543 540 2590 marg.
552 2528 669 2592 ejusdem
681 2529 723 2578 ed.
734 2529 839 2592 conjicit
849 2529 1016 2591 agana-s
1028 2526 1092 2578 Ead.
1103 2527 1146 2578 sd.
1158 2528 1187 2578 L.
1198 2525 1309 2578 lioitler.

217 2596 266 2641 -4
282 2592 330 2640 Vir
341 2594 410 2644 doct.
424 2594 449 2642 in
462 2608 540 2658 marg.
550 2594 665 2657 ejusdem
676 2595 718 2644 erl.
730 2595 799 2657 conj.
810 2609 912 2643 masam

711 2753 817 2806 NOTAE

249 2856 263 2882 ¹
280 2847 395 2914 Sapprm]
412 2849 499 2900 Graeci
512 2849 693 2901 Mrardicnnt
703 2866 743 2900 aa·
786 2849 849 2912 tiqui
862 2849 991 2914 ponebant
1001 2850 1176 2914 proserpina
1187 2848 1309 2912 ejuspec-

216 2923 306 2986 pisunn.
337 2923 417 2972 Sinas
434 2933 520 2974 antem
536 2926 647 2974 Veteres
662 2926 743 2988 scrlp-
784 2925 884 2988 ticipio,
896 2926 968 2988 qnasi
980 2928 1014 2973 sit
1026 2933 1166 2984 surrectus,
1183 2931 1212 2972 ut
1227 2931 1267 2973 est
1283 2924 1308 2974 in

217 3000 290 3060 slsse,
307 3013 356 3047 non
373 3001 460 3063 syleas,
478 3002 563 3049 omnia
575 2993 679 3065 antiqua
690 3015 744 3050 nro·
785 3000 928 3050 Annalibus
952 3001 980 3050 [ι.
1002 3001 1105 3050 bleilli:
1130 3001 1157 3048 in
1175 3001 1265 3061 quibus
1283 3001 1309 3050 id

217 3081 340 3122 numento
351 3080 488 3123 testantur.
506 3074 564 3123 Ant.
575 3075 640 3137 Aeg.
784 3074 934 3140 frequenter
947 3083 997 3123 est.
1031 3076 1126 3122 Paratus
1138 3076 1311 3134 abbreviator,

252 3147 368 3211 Samum]
385 3147 483 3196 Versus
504 3147 612 3197 Lucilii:
639 3149 669 3198 Si
690 3163 744 3198 sero
784 3165 832 3214 pro
842 3151 871 3200 L.
883 3148 1204 3212 Lislllo‚l.isiun1poiitem
1216 3150 1311 3198 intelli·

217 3225 270 3286 elas,
281 3225 341 3286 quad
351 3229 430 3284 rapat,
440 3230 463 3273 et
474 3225 496 3271 ri
513 3222 618 3285 meet·
637 3221 744 3288 sappam.
785 3225 833 3286 gir,
844 3225 931 3274 nescio
945 3239 977 3274 an
988 3225 1091 3272 diversa
1102 3225 1214 3275 lsetlone
1225 3239 1239 3274 a
1252 3239 1310 3276 nos·

218 3297 396 3362 Significatum
425 3299 612 3363 proverbialem
640 3301 743 3350 babet:
784 3306 907 3348 transm.
922 3298 1051 3348 mascel.

217 3367 335 3432 boc'est,
352 3375 372 3421 st
390 3373 427 3422 illi
444 3387 478 3423 ex
496 3375 627 3423 sententia
639 3387 744 3438 respon·
815 3371 966 3435 ¹sinirnensis]
983 3371 1063 3421 Infra.
1109 3371 1203 3423 Adime
1215 3389 1311 3438 quaro.

218 3447 281 3497 slas:
300 3448 330 3502 sl,
346 3449 414 3510 quorl
434 3455 517 3511 optat,
536 3446 609 3498 iscls.
641 3450 744 3513 suppus
785 3448 910 3497 Estenins
923 3448 1311 3512 tristerispenituamibilncom·

218 3531 260 3571 est
271 3535 332 3586 pars
343 3523 388 3570 tali
401 3523 497 3580 luserit,
516 3539 574 3588 ans
590 3523 684 3575 Graece
702 3525 744 3574 cr-
786 3533 872 3587 perta.
891 3524 968 3573 idem.

217 3614 267 3646 rrae
278 3598 381 3647 dicitur.
415 3597 479 3646 Cum
489 3599 556 3647 talne
572 3599 609 3647 ite
627 3599 744 3664 caderet,
818 3599 949 3662 Horrescit,
959 3597 1068 3662 sempsit]
1085 3597 1118 3646 ln
1128 3596 1246 3646 omnibns
1256 3597 1310 3645 edi·

218 3681 249 3723 ut
261 3673 352 3735 supine
363 3688 432 3738 pars,
443 3687 501 3737 qna
510 3675 657 3736 vocabatur,
667 3689 744 3737 snpe-
785 3674 898 3723 tionibus
915 3677 982 3722 male
994 3681 1116 3737 acceptus
1126 3679 1163 3720 est
1177 3672 1218 3720 bic
1229 3672 1310 3728 locas,

218 3749 363 3804 rioresset,
383 3747 517 3797 craticiis
529 3749 628 3811 jactus.
659 3749 742 3813 suppl
783 3763 841 3798 cnm
862 3749 946 3797 media
964 3749 1035 3797 Festi
1053 3745 1235 3809 verbcqtindet
1254 3747 1311 3794 base

217 3823 336 3873 meminit
347 3823 471 3872 Isidorus.
488 3824 541 3871 tos.
551 3821 614 3871 Seal.
782 3825 859 3874 Pauli
870 3825 999 3886 Epitnme,
1014 3820 1168 3884 Surrempeit,
1179 3821 1311 3871 mennas.

257 3898 362 3963 sappum
372 3898 466 3963 antiqui
476 3897 596 3959 dicebam]
609 3899 687 3962 begs,
702 3898 745 3948 Vi·
785 3901 873 3952 Qnare
884 3901 952 3948 illam
964 3911 1066 3948 remove
1078 3897 1122 3956 sis,
1133 3902 1160 3944 et
1170 3895 1310 3958 reliqnasic

219 3971 303 4025 elstbet
322 3989 366 4038 pro
382 3973 542 4037 adspiratione
562 3977 674 4035 ponentes
694 3974 746 4024 tite·
785 3973 947 4024 continuabis
957 3974 966 4021 's
989 3971 1108 4021 nmero
1124 3971 1312 4034 amentiamque

218 4065 271 4099 rear
287 4049 314 4101 8.
345 4051 448 4113 Suppua
465 4057 507 4099 est
523 4049 747 4114 aGraecoimas,
785 4063 879 4098 masma
892 4049 1003 4098 sanauit
1019 4047 1119 4095 tuma.
1153 4045 1220 4094 itera
1239 4048 1311 4095 etiam

219 4127 303 4190 ejecto
323 4143 339 4172 r
360 4125 432 4185 teras,
450 4125 514 4181 ists,
530 4125 648 4188 ‘supna'
667 4127 743 4192 ‘aup-
783 4122 1053 4188 mmmpritasarparit
1062 4135 1106 4184 prr
1117 4135 1215 4185 pamas
1230 4129 1310 4172 sane·

219 4200 288 4265 pua.'
306 4201 367 4248 Dae.
783 4202 848 4251 terit·
866 4203 930 4251 Dae.
1002 4201 1004 4204 ’

252 4284 262 4318 r
280 4275 403 4340 Sumam]
420 4276 541 4338 Senserit,
559 4285 586 4327 et
601 4281 690 4326 metas
701 4291 745 4326 an·
818 4273 1003 4338 ‘Sumanpsifl
1029 4273 1116 4325 Verba
1138 4275 1210 4325 Festi
1232 4275 1310 4323 inter·
