3146 4932
286 418 336 465 nn
362 415 564 466 vnnnonuu
590 416 897 470 srourrrcsrroun
922 423 994 471 utu.
1019 425 1087 472 xrr.
1177 411 1239 475 477

148 559 413 645 Nepos,¹³¹non
429 579 546 642 purus.
1104 565 1239 650 [Paun.

147 661 349 746 Nequalia,¹
363 659 570 726 detrimenta.

145 761 326 846 Nequam⁸
350 781 463 826 nurum
487 772 551 840 est,
582 764 671 828 aruris
700 763 793 846 quod
805 765 831 804 ¹⁶
862 765 1088 832 vehementius
1115 770 1237 835 ambit:

188 864 255 928 hoc
270 881 368 926 uersu
385 862 510 928 Lucilii
533 865 719 946 significare
741 867 789 930 ait
810 865 947 931 Sinnius
962 866 1083 951 Capito
1098 888 1238 952 nequam

189 983 266 1028 esso
293 983 419 1033 aurum,
444 964 535 1045 qnod
564 965 654 1028 auris
680 965 802 1047 laedat3
824 967 878 1032 vel
899 968 1044 1050 pondere
1075 969 1238 1036 inaurium

189 1085 266 1132 curn
281 1065 481 1128 mollissima
493 1083 574 1147 pars
589 1065 682 1130 auris
693 1066 860 1144 inciditur,
875 1069 931 1132 rel
946 1087 991 1132 cx
1005 1087 1087 1134 auro
1100 1070 1240 1152 intelligi

186 1167 378 1251 pecuniam,
393 1167 491 1250 cnjus
506 1173 664 1249 respectu
678 1173 711 1232 et
724 1167 828 1234 nimia
838 1169 1022 1252 cupiditate
1032 1169 1181 1235 homines
1196 1171 1239 1235 ad

186 1267 392 1352 peccandum
409 1267 541 1332 adduci.

147 1367 304 1452 Nequam
334 1385 448 1430 aurum
479 1375 541 1444 est,
570 1370 661 1432 nuris
689 1369 833 1452 quodvis
862 1371 1091 1438 vehementius
1111 1373 1238 1450 [Fnsr.

188 1469 302 1531 ambit.
336 1466 415 1532 Hoc
434 1487 531 1532 vernn
547 1469 700 1534 Lucilius
723 1470 908 1552 significare
923 1473 1067 1552 videtur,
1082 1491 1237 1558 nequam,

189 1587 264 1634 csse
290 1586 421 1644 ancum,
443 1568 531 1651 quod
559 1589 656 1634 aures
684 1568 799 1646 laedat,
822 1567 873 1634 vel
900 1572 1047 1654 pondere
1075 1575 1237 1640 inaurium

153 1689 266 1734 *cum
285 1666 460 1732 mollissima
479 1689 557 1752 pure
580 1670 672 1735 suris
698 1671 865 1750 inciditur,
880 1673 935 1736 vel
957 1675 1057 1738 etiam
1071 1675 1238 1758 cupidita·

190 1779 255 1834 tem
270 1770 424 1854 pecnniae
439 1770 548 1834 voluit
560 1771 758 1854 significare.

147 1871 334 1954 Nequam:
355 1871 415 1952 qni
436 1889 478 1934 ne
506 1872 590 1938 tanti
612 1871 745 1954 quidem
771 1876 832 1950 est,
855 1891 955 1956 quam
975 1875 1072 1958 quod
1097 1875 1238 1942 habetur

186 1989 324 2035 rnrnrmr.
637 1985 640 1992 '
989 1983 994 1996 '

147 2073 331 2155 Nequeunt
341 2081 366 2122 ¹⁷
380 2091 446 2138 non
461 2081 552 2138 eunt.

147 2173 368 2257 Nequinates,
383 2174 600 2239 Narnienses.
1110 2181 1235 2258 [Pron

150 2273 364 2360 Nequiuntesb
381 2275 412 2340 N
416 2276 575 2340 arulensis
591 2274 667 2338 dicti
680 2285 762 2348 eunt,
779 2276 834 2362 qui
848 2299 863 2342 e
878 2275 1022 2364 Nequino
1036 2301 1090 2364 op-
1111 2281 1236 2363 [Fuso.

607 2435 651 2457 m
653 2435 787 2457 ΙΙΙΙΙΙΙΙ

181 2553 212 2600 15
230 2552 306 2616 Legit
319 2552 385 2602 Scsl.
403 2554 586 2617 Nepam-ld
603 2550 653 2602 Ed.
664 2552 733 2602 scal.
745 2553 850 2616 thdrta.
867 2552 934 2602 Vide
948 2553 1104 2604 Notae—ll
1119 2555 1179 2604 Vel.
1192 2555 1236 2604 lib.

145 2615 270 2678 Naqaiaat
281 2617 321 2667 uel
333 2618 454 2681 Neqaaat.
473 2629 478 2636 ·

638 2725 745 2779 ΝΟΜ

143 2823 281 2890 monidem¹
308 2823 437 2888 intelligit.
481 2825 550 2874 Voce
577 2823 672 2874 »noae
711 2823 781 2876 Quid
795 2823 870 2886 J'am?
898 2823 949 2872 Μι.
966 2821 1235 2874 Qniaincednntcum

141 2913 201 2948 nana
219 2901 297 2949 etlam
307 2899 436 2950 'l'nencrit-
446 2900 514 2962 idyl.
525 2911 598 2949 xvir.
609 2901 671 2950 Duc.
711 2897 819 2948 anrrlatia
828 2896 947 2948 anribnn'
963 2897 1039 2947 Unde
1045 2896 1120 2958 jocua
1132 2895 1236 2947 Cicero-

173 2981 187 3008 ⁸
204 2977 299 3040 Nepae]
317 2975 430 3040 Neparne
451 2990 497 3039 pro
518 2989 567 3024 non
585 2989 669 3038 paras,
709 2975 748 3024 nia
760 2975 786 3023 in
797 2973 902 3023 Atrum:
920 2973 1019 3037 'Atqui
1030 2985 1115 3021 aurem
1126 2971 1235 3023 foratam

142 3057 171 3100 nt
190 3050 347 3101 ‘octonem'
358 3050 427 3115 apud
441 3051 526 3100 Catnl.
543 3063 591 3114 pro
600 3052 608 3080 ⁸
617 3065 668 3100 non
708 3049 804 3099 liaben'
826 3047 911 3098 Aliter
921 3061 972 3097 non
983 3047 1058 3096 rideo
1069 3061 1125 3110 quse
1136 3050 1238 3110 argutia

141 3125 259 3176 funeraz’
276 3125 404 3190 ‘nejnre’
415 3125 519 3176 Sallust.
538 3139 585 3188 pro
604 3124 667 3173 ‘non
707 3126 751 3182 ait,
762 3125 784 3174 ai
796 3123 877 3174 Sinnil
886 3123 1020 3186 Capitonis
1029 3123 1182 3173 sententiam
1196 3139 1235 3174 ae-

136 3200 223 3265 jnrer'
235 3199 377 3250 ‘necennt'
387 3197 454 3250 inira
463 3212 509 3262 pro
519 3197 670 3248 ‘mnenon'
707 3211 824 3262 qnamnr.
841 3199 895 3246 Joa.
906 3197 971 3246 Sunt.

141 3277 216 3327 Idem.
740 3279 751 3306 ¹
769 3270 887 3335 Nequam]
897 3271 935 3319 Ex
944 3285 974 3320 ae
980 3277 1008 3320 et
1016 3269 1149 3332 quidquam.
1157 3272 1234 3323 Verr.

172 3351 333 3414 ’Neqanttnj
351 3350 466 3400 Annae
484 3355 512 3398 et
528 3350 616 3413 Μὴ,
628 3349 669 3398 vel
707 3348 804 3397 liban.
816 3345 933 3395 nent..
952 3351 998 3394 'ot
1010 3359 1042 3393 ex
1060 3359 1110 3393 non
1129 3350 1156 3393 et
1169 3349 1235 3408 volo,

143 3441 157 3474 a
168 3441 198 3475 ae
209 3435 239 3476 et
256 3426 366 3488 aqualia,
377 3431 406 3474 nt
420 3423 557 3487 legendnm
574 3425 618 3486 alt,
628 3437 669 3472 nc·
707 3422 781 3471 nolo:
799 3422 836 3470 sic
845 3435 877 3469 ex
886 3433 918 3468 ne
927 3418 1101 3483 etquidqnam
1111 3419 1172 3468 item
1182 3435 1234 3469 me-

140 3501 334 3563 murum«.
349 3499 433 3548 Idem.
707 3497 753 3546 dia
768 3497 864 3545 extrita
881 3494 987 3558 syllaba,
998 3503 1115 3544 coactam
1132 3501 1172 3544 ert
1190 3509 1234 3544 ne·

172 3575 320 3638 'NeqanmJ
357 3574 480 3638 Suspicor
508 3573 667 3624 Lucilianum
707 3574 802 3636 qnam:
816 3569 938 3619 &elim

140 3663 243 3699 remum
254 3649 303 3698 trac
313 3647 494 3698 emendatione
507 3661 599 3711 egere:
618 3650 667 3698 Ne·
739 3648 751 3681 l
768 3647 926 3711 Neqainrtea]
943 3645 990 3696 Ait
1001 3646 1146 3708 Nequinum
1162 3647 1236 3708 priua

141 3739 212 3788 qaam
226 3731 361 3787 σάμιοι
376 3725 443 3772 carte
452 3725 534 3787 quotae
547 3725 667 3773 celemen-
709 3733 822 3785 uocatos,
838 3722 881 3787 qni
902 3727 993 3785 postea
1012 3721 1157 3770 Narnienses
1171 3721 1234 3770 dieti

139 3803 191 3849 tina
200 3799 283 3848 amitt.
300 3799 380 3862 Cujus
390 3811 466 3847 antea
478 3812 566 3847 aurum
578 3797 668 3854 ambit,
705 3804 776 3854 aunt,
788 3797 900 3859 expulsis
912 3795 1006 3844 colonia
1016 3795 1156 3845 veteribus.
1181 3795 1234 3843 Pli-

139 3887 252 3938 neqnam
268 3879 307 3922 eat
323 3875 407 3922 lromo.
440 3873 511 3922 Male
527 3871 669 3922 audiebant
708 3873 777 3921 nina:
801 3871 991 3921 ‘Nar-nlenten:
1020 3873 1088 3936 quod
1109 3870 1233 3933 oppidum

140 3948 210 4013 apud
233 3947 361 3998 Romanoa
386 3947 499 4010 barbari,
522 3947 667 4010 presertim
707 3953 784 3996 antea
803 3945 949 4009 Nequinum
968 3955 1087 3996 vocatum
1109 3944 1166 3992 est)
1181 3945 1235 3994 Jee.

139 4025 224 4087 Poeni,
236 4025 279 4088 qni
291 4039 365 4074 aurea
375 4021 520 4086 perforatas
528 4021 667 4083 trabebant,
706 4021 772 4072 Scnl.

140 4113 222 4163 neque
234 4099 400 4147 mediocriter
411 4111 455 4147 ena
472 4097 665 4146 aversabantur.
739 4098 895 4161 Nequinntea]
917 4094 1030 4158 Nequint,
1051 4091 1118 4156 qnod
1141 4101 1232 4156 postea

139 4175 247 4225 Plaotna
258 4175 387 4224 Poenulo:
403 4175 411 4202 ‘
424 4173 520 4238 Atque,
526 4181 556 4222 ut
566 4174 667 4237 opinor,
707 4173 812 4232 Narnia,
821 4169 937 4220 meminit
950 4169 1020 4217 Plio.
1038 4174 1045 4196 ¹
1057 4167 1215 4220 Narnienses
1226 4189 1233 4220 :

140 4250 234 4315 digitos
251 4252 278 4301 in
289 4251 407 4302 maaibna
423 4265 475 4302 non
493 4251 597 4302 habeat.
613 4249 666 4300 Ae.
706 4246 829 4322 oppidum
850 4251 928 4295 antea
947 4243 1093 4308 Nequinum
1113 4253 1231 4296 vocatam
