3208 4938
343 443 392 490 nn
418 441 620 490 vaanonou
646 441 956 493 araurrrourroun
980 445 1051 493 mn.
1075 445 1172 494 xvrr.
1227 425 1293 498 '821

189 657 195 672 ¹
248 587 385 665 uidetur,
401 587 493 672 qnod
515 586 604 651 ludis
622 583 819 671 Capitolinis,
834 587 889 672 qui
909 587 992 654 fiunt
1006 609 1028 654 a
1043 590 1188 655 vicinis⁶
1207 613 1291 676 prn-

249 689 386 752 testntis¹¹
408 690 520 754 auctio
534 689 722 754 Veientium
735 699 747 739 ⁷
757 689 837 774 fieri
851 689 936 768 solet,
952 693 986 755 in
1003 713 1072 776 qua
1090 695 1292 758 novissimus

248 791 374 878 quisque
395 791 584 856 deterrimus
599 791 792 876 producitur
806 815 824 854 n
844 813 984 876 precone
1007 812 1110 858 senex
1125 815 1200 859 cum
1216 803 1295 877 toga

249 892 438 977 praeteata,⁸
461 894 621 976 bullaque
643 913 755 970 aurea,
771 913 839 977 quo
865 895 956 958 cultu
979 893 1090 978 Reges
1113 898 1202 962 soliti
1218 905 1296 962 sunt

248 1015 323 1060 erse
334 995 578 1073 Etruscorum
593 995 673 1078 quia
685 1003 712 1032 ¹0
724 995 819 1059 Sardi
832 997 1053 1078 appellantur,
1065 999 1143 1080 quia
1154 999 1295 1064 Etrusca

250 1119 332 1177 gens
347 1111 421 1162 orta
436 1106 488 1160 est
504 1097 662 1162 Sardibus
677 1117 722 1160 cx
737 1097 856 1181 Lydia.
883 1098 1073 1180 Tyrrhenus
1085 1101 1170 1162 enim
1183 1109 1196 1136 ³¹
1219 1099 1296 1164 inde

250 1199 424 1284 proiectus
440 1219 516 1264 cnm
531 1219 654 1281 magna
668 1219 769 1263 manu
790 1219 903 1264 eorum
925 1202 1105 1284 occupavit
1129 1221 1202 1264 eam
1222 1221 1298 1284 par-

251 1309 316 1366 tem
337 1301 457 1376 Italiae,
473 1321 548 1385 quae
564 1319 651 1366 nunc
666 1309 807 1366 secatur
831 1303 971 1367 Etruria.
1016 1303 1066 1367 At
1081 1303 1216 1368 Sinnius
1231 1303 1298 1368 Ga-

253 1405 346 1485 pitoy
372 1405 420 1466 ait
434 1403 486 1466 Ti.
510 1403 700 1468 Gracchum
725 1401 907 1467 Consulem
931 1405 1090 1486 collegam
1112 1403 1152 1467 Ρ.
1172 1403 1299 1469 Valerii

254 1505 424 1570 Faltonis²
440 1505 627 1570 Sardiniam
641 1503 879 1587 Corsicamque
903 1507 1086 1588 subegisse,
1099 1525 1160 1571 nec
1176 1506 1300 1590 praedae

253 1608 433 1690 quicquam
457 1607 546 1671 alind
563 1627 665 1689 quam
690 1607 858 1688 mancipia
882 1617 1028 1690 captum,
1044 1625 1185 1692 qnorum
1212 1608 1301 1673 vilis-

253 1711 339 1773 sima
351 1708 530 1773 multitudo
547 1708 658 1773 inerit.

212 1811 361 1893 Sargus⁸
376 1811 481 1894 piscis
503 1829 625 1894 genus:
649 1811 758 1893 quiin
778 1811 941 1895 AEgyptio
963 1815 1045 1878 mari
1060 1813 1133 1888 iere,
1143 1812 1301 1878 nascitur.

658 2009 839 2034 mum

246 2139 345 2190 GSeni.
365 2148 392 2189 at
406 2141 472 2190 Dae.
484 2141 620 2203 legendum
633 2149 736 2194 monent
748 2145 895 2194 messia—i
913 2143 978 2193 End.
999 2142 1040 2193 ed.
1057 2143 1239 2193 seleutiam—8
1255 2143 1304 2194 Ed.

214 2203 474 2268 Scahpmetesia-ii
490 2207 645 2256 Ead.ed.E
687 2239 694 2254 .
761 2242 768 2258 .
834 2243 841 2256 .
889 2211 1041 2260 earam—1⁰
1059 2207 1271 2273 LegitDae.qui.

706 2371 817 2423 Nom

213 2482 741 2548 praeminmediumseaeseamiognpsae-
781 2485 889 2546 domuit,
915 2486 1004 2534 consui
1036 2484 1196 2548 Hispaniam,
1224 2485 1307 2535 altero

217 2563 292 2620 texta,
303 2560 344 2619 ire.
367 2559 519 2622 Capitolinis
534 2561 600 2608 ludis
612 2561 742 2624 suppleri·
782 2563 1309 2626 consistamsardinisrsmantumquemp-

216 2649 271 2684 arsis
288 2649 321 2682 ex
340 2634 489 2694 Plutarcho,
500 2637 531 2684 de
543 2635 635 2699 quibua
648 2645 743 2698 praeter
783 2639 895 2687 tirorum
908 2637 1023 2699 adduxit,
1034 2645 1062 2687 ut
1075 2639 1150 2699 longa
1161 2637 1308 2686 venditione

216 2711 281 2760 elios
293 2710 381 2758 Liuius
393 2710 457 2759 iihro
470 2725 495 2758 v.
530 2713 572 2760 De
581 2712 743 2773 pretextati·
785 2727 826 2763 res
838 2714 863 2762 in
877 2713 1039 2778 proverbium
1052 2713 1161 2775 ueniret,
1171 2712 1246 2762 Sardi
1264 2727 1307 2762 ss·

217 2790 315 2838 vicanis
346 2787 404 2838 vida
424 2804 502 2852 surpra
524 2790 550 2838 in
570 2787 743 2838 ‘Praetexta'
784 2789 873 2839 nates!
903 2789 980 2838 ⁴iios
1011 2789 1149 2853 proverbio
1182 2801 1243 2838 asns
1270 2795 1311 2838 est

177 2923 181 2931 ,
217 2866 284 2916 Nam
296 2865 462 2916 ethieexeo
477 2867 533 2916 ineo
553 2879 694 2929 cognosces
707 2866 743 2915 si·
785 2865 878 2915 Cicero
897 2867 981 2929 Epist.
1003 2870 1042 2915 2⁴.
1061 2865 1106 2915 lib.
1125 2877 1177 2916 vra.
1202 2865 1310 2914 ‘Habes

218 2943 352 3004 susianen
368 2943 465 3003 ricinis,
479 2941 615 3005 legendum
627 2955 700 2990 esse:
718 2949 744 2990 et
784 2941 878 2990 Sardos
899 2942 1010 3004 veniales,
1033 2941 1110 2990 alium
1133 2941 1182 2990 alio
1204 2937 1311 3005 nequio-

218 3019 254 3068 ihi
262 3033 294 3068 ex
303 3019 350 3067 boc
361 3018 465 3066 vicanos
474 3031 530 3065 esse
540 3017 589 3065 viri
599 3017 742 3079 magistros.
785 3015 855 3064 rem'
888 3017 974 3067 Quare
986 3017 1087 3066 minime
1100 3016 1216 3066 Msnrsio
1225 3029 1312 3065 assen-

219 3093 301 3144 Potes
312 3095 389 3144 etiam
402 3094 503 3156 legere:
521 3093 562 3155 qai
570 3093 636 3156 fluat
651 3109 666 3142 a
682 3093 745 3141 eico-
785 3093 845 3153 tior,
855 3093 898 3156 qui
911 3092 1017 3155 legebat
1029 3092 1102 3141 Sardi
1113 3092 1228 3153 omnies,
1239 3091 1256 3139 i.
1267 3091 1311 3140 bo·

219 3170 266 3231 ais,
274 3175 296 3218 st
304 3169 428 3232 magistris
438 3168 539 3228 collegii.
557 3167 612 3218 ios.
622 3168 688 3216 Seai.
785 3169 866 3216 mines
878 3169 1025 3230 nequissimi
1035 3168 1078 3231 qiu
1089 3179 1180 3215 vernas
1188 3174 1216 3216 et
1226 3179 1313 3216 ursos

253 3243 438 3305 Sordiomeies]
456 3243 500 3292 Ita
515 3242 571 3290 lars
588 3243 619 3290 ad
640 3243 746 3292 verbum
787 3243 936 3300 vincerent;
956 3242 1030 3290 Sardi
1049 3242 1117 3291 enim
1139 3243 1313 3292 vetustissima

220 3321 374 3372 Plutarchus
383 3321 409 3370 iu
417 3317 609 3371 lineationibus
618 3319 749 3381 Romanis,
787 3315 874 3376 lingua
888 3316 978 3364 Latina
990 3317 1136 3379 versipeiiss
1147 3323 1174 3366 et
1191 3315 1313 3371 callidas

222 3404 313 3460 queat.
324 3401 365 3444 55.
386 3397 447 3444 Dae·
786 3395 892 3452 sardare,
904 3393 1059 3453 intelligere,
1070 3393 1175 3442 callere.
1207 3391 1313 3457 Absque

256 3479 267 3504 ¹
283 3471 399 3521 deicidis
407 3471 568 3534 praetextatis]
585 3473 664 3535 laage,
680 3487 696 3520 a
710 3473 747 3521 ei-
788 3469 868 3517 dubio
886 3482 946 3516 aera
962 3476 1003 3516 est
1021 3468 1155 3531 Capitonis
1174 3468 1313 3517 sententia.

222 3549 303 3598 stab:
329 3547 378 3597 hoe
400 3554 448 3606 est,
469 3548 582 3596 vicorum
608 3549 748 3614 magistris,
788 3544 863 3592 item.

224 3624 279 3688 qni,
290 3625 404 3688 quamvis
415 3625 583 3688 Magistratus
595 3641 647 3674 non
665 3635 749 3689 erant,
820 3629 831 3654 ²
848 3621 968 3682 Colligam
979 3621 1008 3668 P.
1020 3619 1110 3669 Valerii
1122 3615 1242 3678 Fniioais]
1257 3615 1314 3666 ilai·

223 3698 296 3750 indos
307 3699 438 3750 iaciebant
450 3702 610 3764 pretextati,
620 3707 649 3749 ut
663 3714 695 3749 ex
706 3701 748 3751 Gi·
788 3711 844 3746 snm
856 3705 896 3745 eat
908 3697 1053 3745 Graecinum
1065 3695 1179 3742 Faltonis
1189 3695 1314 3755 collegam

224 3789 276 3826 cer.
289 3783 317 3826 et
328 3777 399 3826 Livio
410 3785 499 3826 notum
513 3785 561 3826 est.
579 3777 653 3824 idem.
788 3773 877 3824 irrisae.
903 3774 1037 3823 Gracchus
1047 3774 1115 3820 enim
1126 3779 1152 3821 et
1163 3771 1239 3820 Falto
1248 3769 1315 3820 Cou-

256 3860 269 3886 ¹
289 3853 421 3918 witam
439 3855 512 3918 ssim]
540 3853 608 3903 Vide
626 3853 751 3916 ‘'lymbe-
788 3854 855 3901 siries
873 3849 977 3900 inerunt
994 3865 1060 3900 anno
1076 3861 1146 3897 nxv.
1180 3845 1216 3895 At
1234 3845 1315 3894 Grae·

225 3930 291 3980 uos!
307 3931 383 3980 idem·
791 3929 862 3987 chus,
873 3927 895 3976 is
906 3928 949 3990 qui
962 3925 1139 3987 triumpharit,
1149 3922 1262 3984 collegas
1271 3920 1317 3970 ha·

256 4003 539 4068 tarsumenno]
569 4003 750 4067 HaecCapito·
790 4001 883 4050 buitin
900 3995 1316 4065 priruoconsnlatnC.Ciarrdiunr

225 4081 265 4130 nis
277 4079 519 4144 interpretatioejus
531 4079 751 4142 austerissimam
791 4077 935 4140 pulchrum,
947 4079 973 4127 in
987 4074 1100 4124 remando
1113 4075 1150 4122 M.
1165 4073 1317 4124 durentiam

226 4156 340 4205 libellum
363 4155 395 4204 de
418 4155 479 4204 siria
499 4154 639 4216 illustribus
658 4155 750 4218 edidit,
791 4153 911 4202 Thalnam
924 4153 995 4202 annis
1007 4155 1162 4200 nannet
1174 4161 1237 4199 nac.
1253 4149 1292 4198 ld.

227 4231 402 4281 confirmatur.
413 4229 751 4294 ‘'liberios‚’inqnit,‘Ssm·
824 4229 955 4292 Ἦσαν]
983 4228 1147 4277 ‘Praciarus
1164 4223 1271 4291 helops'
1291 4226 1318 4274 in

228 4307 334 4372 pronius
346 4305 528 4370 Graecias...
535 4312 630 4370 praetor
639 4306 751 4357 Galliam
792 4319 868 4356 versu
880 4305 962 4356 Lucii.
973 4311 1014 4355 est
1031 4303 1189 4368 splendidus,
1203 4304 1319 4354 incento-
