3136 4934
327 433 392 502 578
660 447 775 499 suxrr
801 447 958 497 roneurr
985 445 1089 496 rnsrr

373 591 507 658 nautico
521 609 596 670 usu,
619 592 678 676 qui
700 597 797 657 conto
819 595 1017 675 pertentant,
1037 589 1313 674 'cognoscantque
1327 593 1423 657 navi-

268 735 270 742 ·
372 699 487 777 gentes
502 700 600 776 aqum
615 692 833 758 altitudinem.
877 690 932 755 Ob
948 710 1049 774 quam
1069 709 1206 755 eausam
1218 691 1267 755 ait
1279 691 1423 758 Verrius

373 795 476 860 etiam
500 795 683 860 secundam
706 795 869 878 syllabam
890 797 950 876 p'er
965 793 995 857 Ο
1012 793 1119 858 solere
1140 795 1263 868 scribi:
1285 794 1367 859 mibi
1383 797 1421 870 ,id

371 896 495 962 salsum
510 896 657 962 videtur:
678 913 756 959 nam
776 902 830 959 est
851 894 910 960 illa
930 896 1169 978 percunctatio,
1184 895 1277 978 qnod
1299 895 1343 972 is,
1365 898 1423 980 qui

371 1001 507 1063 curiosa
529 997 611 1082 qnid
633 999 827 1080 interrogat,
849 1017 909 1080 per
930 1003 1050 1063 cuncta
1070 998 1176 1076 visit,4
1196 1004 1234 1060 ut
1255 1004 1343 1062 recte
1366 1017 1425 1080 par

373 1101 550 1166 Ulitcram
564 1099 739 1164 scribatur.
1200 1101 1203 1110 '

330 1202 545 1268 Percontatio
573 1200 707 1265 videtur
730 1199 821 1264 dieto
847 1217 893 1264 ex
918 1217 981 1263 usu
1007 1199 1154 1277 nautico,
1180 1199 1258 1283 quia
1287 1198 1423 1276 [Pron.

372 1323 470 1388 aquae
499 1302 706 1366 altitudinem
733 1309 834 1366 conto
861 1305 1066 1384 pertentant.
1107 1299 1178 1364 Alii
1207 1301 1323 1365 volunt
1347 1321 1424 1385 per-

373 1403 620 1469 cunctationem
635 1400 713 1479 diei,
729 1402 820 1486 quod
835 1401 965 1467 seilicet
979 1403 1021 1481 is,
1035 1402 1095 1486 qui
1108 1403 1259 1468 curiosus
1281 1409 1346 1482 est,
1362 1423 1424 1487 per

374 1514 496 1572 cuncta
510 1505 697 1586 interrogat.

329 1608 588 1674 Perounctatum
600 1605 842 1688 patrisfamilias
851 1613 992 1668 nerruenq
1005 1624 1046 1668 ne
1058 1604 1136 1688 quis
1148 1607 1281 1670 seruum
1294 1605 1426 1688 [Fusu.

370 1709 523 1785 mitteret,
545 1707 618 1790 lego
633 1714 785 1772 sanctum
798 1705 903 1772 tuisse
925 1709 971 1770 ait
992 1705 1077 1772 (lato
1101 1706 1137 1769 in
1157 1725 1209 1784 ea,
1229 1725 1295 1788 qua
1315 1707 1424 1790 legem

373 1807 532 1873 Orchiam
546 1807 730 1872 dissuadet.

329 1909 503 1974 Perditum
516 1916 579 1988 est,
593 1909 685 1992 quod
708 1909 843 1984 interit,⁵
866 1927 907 1974 ae
921 1910 1109 1992 recuperari
1123 1928 1188 1973 non
1201 1927 1262 1993 po·
1282 1907 1425 1990 [Paua.

373 2015 450 2074 test.

328 2109 530 2188 Perediam,r
545 2117 580 2174 et
593 2111 754 2175 bibesiam
766 2111 910 2175 Plautus
938 2129 1013 2174 cum
1039 2109 1138 2189 dixit,
1161 2111 1299 2193 intelligi
1314 2111 1425 2176 voluit

371 2211 593 2296 cupiditatem
609 2213 743 2289 edendi,
758 2219 792 2277 et
805 2212 950 2278 bibendi.

329 2313 519 2390 Perediam,
534 2317 569 2377 et
586 2313 750 2378 bibesiam
771 2313 913 2378 Plautus
928 2313 1024 2378 finxit
1047 2333 1110 2378 sua
1131 2334 1274 2379 consue·
1296 2311 1424 2390 [Fusr.

370 2403 497 2490 tudine,
512 2433 588 2479 eum
614 2415 755 2499 intelligi
774 2415 879 2481 votuit
907 2415 1124 2499 cupiditatem
1152 2415 1285 2494 edendi,
1314 2423 1350 2480 et
1371 2417 1423 2480 bi-

371 2515 494 2580 bendi.⁶

327 2614 506 2700 Peregere⁷
517 2624 527 2653 ¹
540 2617 716 2684 dicebatur
727 2615 994 2700 expergefacere.

786 2795 845 2816 ΟΜ
847 2795 969 2817 ΜΜΜΜΜ

359 2911 374 2956 t
393 2907 464 2955 'Pro
474 2921 517 2968 per
527 2911 611 2956 macto
621 2906 679 2954 eicit
691 2911 758 2956 vett.
769 2905 833 2957 libb.
848 2908 999 2970 pererrmmi
1014 2909 1063 2958 eit:
1081 2909 1148 2958 unde
1170 2911 1269 2974 optime
1286 2911 1334 2960 viri
1351 2910 1424 2962 docti

323 2968 570 3032 percunctaret!
587 2971 700 3018 Dee—5
717 2971 778 3018 Vet.
796 2971 840 3020 lib.
857 2972 1010 3022 interiit—d
1028 2973 1093 3022 llere
1111 2981 1171 3024 soret
1191 2975 1270 3024 verba
1289 2977 1369 3036 Perti,
1387 2979 1424 3025 tn-

327 3031 384 3092 quit
403 3031 470 3080 scal.
488 3032 551 3080 lieet
575 3031 600 3080 in
621 3038 685 3082 vett.
715 3033 777 3084 libb.
798 3049 848 3084 non
867 3041 927 3084 eunt
946 3043 1109 3100 reperta-t
1128 3039 1202 3102 Legit
1222 3039 1291 3090 sear.
1309 3041 1423 3103 Pergere.

328 3093 389 3143 Vei.
402 3095 447 3148 lib·
458 3095 535 3146 babet
547 3095 662 3158 Peregre.

820 3259 930 3310 NOTAE

359 3367 855 3435 *Pneuetetsmputritsomtiioenomefl
894 3379 1053 3422 commentus
1081 3379 1130 3422 ert.
1175 3373 1280 3422 Carent.
1308 3381 1361 3425 aet.
1380 3389 1424 3426 ιιι.

325 3438 410 3506 Huius
427 3443 491 3506 legis
507 3445 602 3494 neritum
619 3447 681 3496 aiibi
699 3448 853 3510 vestigium:
895 3447 1041 3496 ‘Rbodiam
1058 3454 1136 3512 atque
1153 3448 1270 3511 Lyciam,
1285 3447 1423 3502 Perediam

324 3516 466 3569 notandum
487 3525 574 3569 tamen
606 3521 669 3570 iilud
690 3523 854 3587 antiquitatis
894 3529 922 3571 et
938 3522 1125 3584 Perbibesiam,
1144 3527 1193 3574 tec.
1226 3524 1335 3588 subegit
1354 3529 1423 3576 sotus

324 3600 526 3657 monumentum,
542 3595 702 3647 inhonestum
712 3605 740 3646 et
751 3597 853 3648 iudeeo·
894 3597 963 3648 lutra
976 3597 1065 3660 viginti
1077 3598 1151 3648 dies!
1169 3599 1232 3647 Dee.

325 3683 381 3718 rum
397 3667 475 3720 tuisse
488 3670 557 3734 apud
574 3671 671 3735 priseos
687 3673 745 3723 illos
761 3675 851 3724 Roma·
925 3680 935 3705 ⁸
956 3673 1087 3738 Peregere]
1112 3675 1183 3738 Lego
1208 3675 1327 3736 Pergeee:
1355 3679 1422 3728 unde

323 3757 371 3794 nor
398 3757 500 3794 servum
527 3746 633 3797 mittere
656 3757 852 3812 percunctatum
893 3747 1072 3812 ‘pergicore'
1083 3757 1111 3798 et
1122 3750 1292 3812 compositum
1309 3755 1422 3816 ‘eaper-

324 3817 511 3881 petrieiemllto
533 3835 635 3880 nornen,
657 3837 732 3888 quem
755 3838 852 3874 morem
893 3824 996 3888 gisem!
1011 3824 1138 3875 domnioni.

324 3909 357 3944 ex
368 3894 478 3946 heroicis
487 3895 647 3960 temporibus
658 3909 775 3947 mansere
788 3899 852 3948 reri·
924 3899 1054 3964 Peregere]
1066 3901 1134 3964 bego
1141 3900 1337 3962 Pergereennde
1347 3905 1355 3930 ‘
1365 3917 1422 3967 per·

324 3971 468 4022 simileeet.
485 3972 561 4021 Idem.
892 3973 994 4038 giseor,'
1012 3977 1049 4025 nit
1064 3975 1134 4025 Seni.
1169 3975 1221 4026 Sed
1239 3977 1300 4026 nibil
1321 3987 1420 4028 meten·

356 4045 516 4110 ¹l’eredimo]
533 4045 621 4097 Plaot.
633 4047 660 4096 in
672 4046 774 4096 curcul.
791 4049 852 4098 Aet.
891 4047 968 4099 dum:
984 4063 1093 4113 peregere
1110 4049 1177 4099 enim
1195 4051 1352 4114 dteebsnm
1369 4067 1420 4115 qno

325 4117 391 4179 Aeg.
891 4125 899 4153 ‘
913 4131 1037 4190 pergere,‘
1061 4127 1069 4154 ⁴
1082 4124 1214 4190 pergisei,'
1237 4129 1245 4155 ⁴
1258 4127 1421 4192 expergisci!

357 4193 483 4246 Perediam
494 4203 517 4246 et
538 4197 659 4260 bibesiam]
677 4197 727 4246 Eas
744 4205 852 4248 venuste
892 4201 953 4252 Duc.

325 4267 453 4333 parasitus
465 4273 538 4335 qnasi
550 4273 737 4336 provinciarum
750 4273 852 4324 nomine
