3136 4934
302 417 351 464 nr
375 417 583 468 vannorum
609 419 918 475 srcnrrrcarronn
943 427 1015 478 urs.
1038 427 1119 480 xiv.
1193 417 1260 485 out

203 557 442 644 praepositione
458 561 649 644 implorare,
670 564 705 628 id
726 573 791 642 est,
806 568 983 634 invocaret
1015 578 1051 636 at
1065 571 1157 654 apud
1171 573 1258 640 anti-

205 680 295 743 quos
309 662 405 743 plane
420 663 623 729 inclamare:
645 665 678 727 in
695 665 802 747 Regis
819 667 971 744 Romuli,
984 676 1018 736 et
1028 672 1121 736 Tatii
1132 680 1157 719 ¹⁵
1176 675 1257 756 legi·
1300 727 1307 742 .

205 761 292 826 bns:
314 777 347 824 sr
373 779 501 827 nunus
524 778 645 828 saona
671 779 777 830 nrvrs
802 783 1009 834 rrannruu
1030 787 1147 840 noro:
1177 775 1258 838 etin

206 861 314 926 Servii
328 861 430 927 Tullii
445 863 517 928 hoec
532 871 606 930 est:
627 881 659 930 sr
685 883 895 933 ranunculi
924 887 1027 936 runa
1051 885 1258 952 vunnnnrr,

206 977 277 1026 asa·
308 979 406 1027 onnn
441 981 647 1030 rnonassr'r
683 985 893 1049 cananaea,
924 989 1026 1036 rusa
1054 989 1162 1039 nrvrs
1197 992 1260 1040 ra·

206 1077 363 1128 unsrun
387 1079 510 1128 saona
535 1067 685 1145 ns'ro,id
699 1076 764 1145 est,
784 1055 946 1151 clamarit,
963 1073 1063 1139 dixit.

160 1162 253 1228 Ploti
265 1173 278 1214 Ρ
292 1165 511 1247 appellantur,
524 1169 581 1251 qni
596 1176 675 1233 sunt
689 1171 801 1251 planis
817 1172 982 1255 pedibus:
1004 1176 1092 1240 ande
1118 1177 1257 1260 [Paua.

202 1265 348 1348 etpoiita
372 1265 503 1344 Attius,
532 1269 612 1351 quia
640 1269 767 1335 Umber
796 1273 952 1338 Sarsinas
979 1283 1106 1352 orata
1135 1277 1257 1361 pedum

201 1366 349 1448 planicie
363 1367 460 1431 initio
473 1367 609 1448 Plotns,
624 1380 744 1454 postea
759 1373 903 1439 Plantas
917 1382 971 1441 est
986 1377 1118 1442 dictas:
1140 1379 1255 1443 soleas

203 1487 336 1551 quoque
358 1469 563 1549 dimidiatas,
585 1473 710 1556 quibus
735 1477 916 1540 utebantur
937 1477 970 1540 in
996 1479 1164 1558 venando,
1189 1499 1257 1562 quo

202 1570 334 1652 planius
348 1570 466 1652 pedem
480 1583 651 1654 ponerent,
664 1577 858 1660 semiplotia
872 1579 1098 1662 appellabant.

159 1667 252 1732 Picti
265 1669 415 1754 appellati
425 1682 496 1734 sarit
507 1671 625 1737 Umbri
637 1675 902 1760 pedibusplanis
913 1677 997 1763 qnod
1005 1689 1112 1742 errent.
1128 1677 1255 1762 [Fusa.

208 1767 293 1834 Unda
307 1770 404 1835 rolear
418 1771 597 1838 dimidiatas
611 1775 729 1859 quibas
744 1783 876 1842 utuntur
892 1779 927 1842 in
943 1779 1095 1844 venando
1110 1799 1169 1863 qno
1179 1775 1254 1861 plo-

199 1872 269 1934 πίω
281 1869 388 1955 pedem
399 1870 425 1910 ¹⁶
436 1885 594 1955 ponerent,
613 1872 735 1940 Vocant
748 1879 952 1962 semiplotia,
964 1887 998 1944 et
1010 1878 1050 1942 ab
1060 1879 1163 1944 endem
1183 1902 1256 1942 cna·

199 1993 233 2034 ra
249 1970 301 2034 M.
315 1971 431 2036 Actius
444 1973 561 2056 po‘eta,
574 1975 653 2059 quia
671 1975 798 2041 Umber
820 1978 976 2044 Sarcinas
998 1987 1080 2058 erat,
1096 2000 1117 2044 a
1131 1980 1252 2062 pedum

201 2073 345 2156 planicie
360 2075 458 2138 initio
475 2075 609 2152 Plotae,
623 2083 744 2160 postea
761 2078 903 2144 Plautus
916 2087 1046 2163 coeptas
1061 2088 1111 2146 est
1126 2080 1205 2144 dici.

158 2172 413 2239 Ploximum¹⁷q
436 2177 599 2258 appellari
627 2181 675 2244 ait
702 2177 869 2256 Catullus,
894 2201 1035 2264 capsum
1049 2179 1074 2218 ¹⁸
1097 2183 1131 2245 in
1154 2181 1253 2264 cisio,

616 2357 796 2379 omme

191 2473 222 2518 15
240 2468 291 2520 Ed.
302 2469 369 2518 Scal.
380 2469 518 2519 latii-itt
540 2469 606 2518 Ead.
617 2469 658 2519 ed.
666 2472 810 2534 pentec-1⁷
829 2469 879 2518 Alii
892 2469 1039 2529 Pucinum,-
1050 2470 1094 2524 alii
1106 2471 1254 2522 Pnoeemam.

157 2537 225 2582 -18
242 2533 292 2582 Ed.
303 2533 369 2584 Scal.
380 2541 480 2596 captmn

650 2693 756 2746 NOTAE

157 2819 253 2858 carrus.
262 2819 402 2859 annosve.
418 2819 530 2858 narrari.
543 2819 684 2858 annrcrro.
726 2807 772 2856 lib.
783 2821 803 2856 r.
814 2819 872 2870 cap.
883 2811 909 2856 t.
942 2807 997 2856 ‘Ut
1010 2805 1109 2856 Latinis
1124 2804 1255 2856 veteribus

155 2884 194 2946 (ri
214 2883 289 2932 ambo
311 2883 466 2948 protentos)
488 2897 543 2934 son.
564 2891 685 2934 occasus.
726 2885 751 2932 D
771 2882 886 2946 plurimis
898 2883 924 2930 in
945 2883 1030 2931 verbis
1042 2881 1156 2930 nltimam
1170 2883 1256 2943 adjoc-

160 2968 480 3007 armata-mamas.
497 2969 574 3008 mro.
606 2959 642 3008 Et
660 2959 686 3006 in
726 2957 867 3022 tumquorl
883 2955 1106 3011 manifestantem
1125 2955 1202 3006 eriam
1222 2971 1255 3004 ex

156 3031 291 3082 Actionlb.
310 3033 379 3096 apud
401 3035 563 3084 Varronem:
587 3047 687 3085 aaran.
726 3033 845 3082 columna
864 3039 1044 3095 rostrataqnae
1057 3039 1098 3078 est
1116 3031 1146 3080 C.
1165 3031 1256 3079 Duilio

157 3119 284 3158 taenari.
306 3119 423 3157 aaronis.
449 3121 557 3158 aranu.
574 3109 614 3174 (td
636 3117 686 3167 ert,
727 3107 752 3155 in
765 3105 822 3156 suro
834 3107 943 3169 potiret'
969 3107 995 3155 in
1013 3121 1045 3155 ca
1057 3106 1177 3154 colomna
1193 3107 1257 3169 tegi·

156 3189 251 3232 ventre
258 3183 367 3245 glabro.)
378 3182 430 3232 Sed
439 3183 585 3232 detrisallar
594 3183 685 3233 farina.
727 3191 779 3238 tnr,
790 3183 866 3244 auci,
877 3182 963 3237 maria,
973 3183 1124 3244 paginare.
1144 3183 1208 3232 Dec.
1256 3227 1259 3234 .

159 3258 291 3308 Noritae
301 3257 454 3322 produxisse
466 3257 685 3307 contentlsornur.
758 3265 771 3298 Ρ
784 3257 867 3318 Picti]
884 3258 1013 3308 Quantam
1027 3271 1060 3306 ex
1077 3259 1115 3306 lais
1133 3260 1254 3322 colligere

157 3335 212 3382 Ju.
228 3333 293 3383 Seni.
726 3345 869 3395 porrnrnar,
891 3333 990 3382 Plataea
1020 3345 1078 3381 erre
1105 3333 1254 3383 Umbricaar

190 3408 304 3472 Pinare]
319 3408 436 3470 Scaliger
442 3411 486 3458 ria
498 3408 629 3458 dimidiam
641 3423 685 3458 ue·
726 3421 815 3456 rocem
828 3415 948 3471 apparet.
964 3409 1018 3457 Jor.
1030 3407 1092 3458 star.

158 3484 369 3548 gotiiconsecitr
387 3485 543 3560 replraenirn
559 3485 630 3534 Festi
648 3485 687 3535 ite
758 3483 827 3532 Picti
853 3481 978 3545 appellati]
1001 3483 1045 3532 Sic
1065 3498 1144 3547 rupra
1166 3486 1259 3540 Plauti.

158 3561 271 3624 trajecta
292 3568 364 3624 rant,
381 3568 411 3611 at
428 3575 461 3609 ex
477 3562 509 3609 iir
527 3561 621 3625 nullas,
637 3561 685 3610 nisi
727 3571 813 3613 canet,
834 3571 940 3620 qaorum
960 3571 1035 3606 aaron
1059 3559 1134 3608 latine
1155 3567 1256 3623 parent.

156 3635 339 3698 parobrcuraa,
359 3649 448 3685 rentur
466 3636 592 3686 eliciatur.
616 3637 686 3698 Lego
728 3636 795 3684 Nam
819 3634 887 3683 Ptoti
906 3641 933 3682 et
954 3634 1046 3689 Plauti,
1063 3642 1123 3684 aunt
1140 3635 1256 3696 ejusden

156 3711 263 3776 itaquae
286 3713 389 3775 plorare,
399 3713 464 3776 flere
481 3726 543 3760 nanc
557 3712 688 3776 nuptant,
728 3711 842 3773 originis,
851 3711 919 3772 quod
932 3717 1018 3758 antem
1030 3711 1099 3758 intra
1108 3717 1182 3773 potat
1195 3712 1257 3758 Fer·

155 3791 184 3836 at
193 3787 256 3850 apud
266 3789 375 3851 antiquos
383 3789 452 3851 pirae
462 3788 597 3848 intonare,
607 3791 690 3836 otmar
731 3793 771 3834 tur
782 3785 921 3849 ramiptotim
931 3801 946 3832 a
956 3787 1013 3835 torri
1024 3796 1050 3835 ct
1060 3789 1134 3850 picto,
1143 3787 1256 3850 appella·

153 3862 321 3924 propositione
342 3863 476 3928 implorare,
504 3864 640 3917 incinerare,
662 3861 689 3910 iri
729 3867 756 3910 ta
772 3859 862 3925 lutose,
876 3859 902 3909 td
923 3875 985 3909 vero
1004 3861 1165 3922 fulanmer13
1181 3861 1257 3924 pictia

157 3941 204 4000 art,
226 3936 344 3988 innuere·
384 3938 415 3986 Ia
437 3938 503 4000 regit
524 3937 628 3994 Romuli,
648 3939 689 4000 isc.
729 3935 796 3985 enim
818 3944 846 3984 et
864 3937 996 4000 semiplotia
1018 3937 1098 3986 calcei
1121 3947 1188 3990 runt,
1211 3936 1257 3999 qui

156 4011 237 4062 Nunc
249 4013 438 4077 omniaplena3
457 4013 565 4064 sednon
577 4021 688 4076 preater·
728 4013 830 4064 Grecis
840 4010 945 4068 flantem
960 4021 988 4062 et
1007 4011 1149 4072 illumina
1166 4011 1257 4061 dionu-

158 4087 273 4138 eanda-
293 4089 319 4137 in
349 4089 408 4152 lege
432 4089 527 4140 Nurum
555 4105 603 4153 pro
629 4095 689 4152 erto,
729 4095 781 4138 tur.
799 4089 861 4138 Dae.

158 4161 376 4213 uicinitatem
389 4167 466 4214 mort.
498 4165 635 4218 Quomodo
646 4179 689 4215 arr·
762 4163 941 4224 tPloar'rrrurr]
956 4161 1098 4211 ‘Catullus
1117 4161 1256 4225 ploxenum

160 4237 245 4300 tiques
273 4239 408 4300 scriptino
435 4240 517 4288 tradit
538 4241 689 4292 Quintilian.
730 4236 1039 4294 circal'sdumirrvcnit,’
1058 4237 1255 4302 lnquitQuinti·
