3208 4938
335 409 383 458 un
408 409 617 460 vaunnauu
639 409 947 464 sscnsrroarronn
970 415 1044 464 uin.
1067 416 1166 466 xvir.
1231 401 1296 468 813

246 535 339 600 bis¹¹
360 535 504 602 faciente
519 537 628 617 ludos,
648 539 760 604 subito
782 539 826 604 ad
852 559 944 605 arma
968 541 1119 620 exierint,
1141 544 1294 608 nuntiato

245 637 389 702 adventu
403 638 560 716 bostium,
574 641 784 724 victoresque
806 641 841 710 in
856 643 1018 706 theatrum
1033 642 1197 722 redierint,
1214 646 1295 710 soli·

246 739 315 816 citi,
334 759 375 804 ue
388 741 573 805 intermissi
587 743 778 826 religionem
793 743 964 822 adferrent,
978 743 1254 829 instaurandique
1267 753 1294 785 ¹²

245 849 371 919 essent,
394 842 572 914 ,inventum
594 861 669 908 esse
691 843 738 908 ibi
761 844 801 910 C.
816 845 1041 928 Pomponium
1056 852 1080 892 ¹³
1104 845 1293 914 libertinum

242 943 379 1006 mimum
396 962 516 1026 magno
537 951 630 1022 natu,
647 945 704 1029 qni
726 945 770 1010 ad
790 946 959 1012 tibicinem
980 945 1127 1012 saltaret.
1170 947 1292 1033 ltaque

241 1043 364 1126 gaudio
392 1063 460 1108 uon
487 1045 681 1128 interrupta
710 1047 883 1130 religionis
911 1047 1032 1112 editam
1059 1066 1175 1112 vocem
1201 1069 1290 1116 nnuc

241 1163 375 1230 qnoque
386 1145 553 1210 celebrari.
589 1145 639 1210 At
650 1147 685 1212 in
699 1149 763 1214 boo
775 1147 862 1214 libro
875 1148 975 1214 refert
987 1148 1095 1213 Sinnii
1112 1149 1291 1233 Capitonis

240 1245 352 1321 verba,
367 1247 490 1328 quibus
507 1265 567 1310 eos
589 1247 689 1312 ludos
705 1247 919 1332 Apollinares
944 1247 1089 1314 Claudio
1115 1254 1149 1313 et
1168 1249 1290 1316 Fulvio

239 1343 442 1410 Consulibus
454 1355 468 1382 ⁸
482 1346 591 1412 factos
605 1348 687 1414 dicit
701 1369 746 1412 ex
759 1349 854 1414 libris
869 1349 1055 1433 Sibyllinis,
1080 1355 1114 1414 et
1128 1351 1290 1415 vaficinio

239 1445 361 1510 Marcii
375 1448 464 1512 vatis
479 1449 659 1527 institutos,
673 1469 735 1514 nec
758 1450 947 1514 nominatur
962 1449 1051 1513 ullus
1067 1449 1289 1532 Pomponius,

236 1546 445 1632 ridiculeque
466 1547 508 1612 de
533 1549 759 1632 appellatione
780 1550 1006 1634 parasitorum
1035 1546 1205 1632 Apollinis
1232 1551 1288 1616 bic

237 1667 373 1713 causam
394 1649 516 1728 reddit,
540 1669 617 1714 cum
645 1650 680 1715 iu
705 1670 747 1716 eo
775 1649 1003 1736 praeteriisset.
1046 1648 1106 1714 Ait
1128 1652 1217 1716 enim
1240 1653 1289 1718 ita

235 1750 411 1833 appellari,
426 1751 515 1834 qnod
530 1751 570 1816 G.
585 1750 795 1831 Volumnius,
810 1753 869 1834 qui
890 1753 935 1816 ad
956 1751 1128 1816 tibicinem
1142 1755 1285 1834 saltarit,

233 1850 452 1918 secundarum
467 1851 612 1936 partium
626 1851 736 1931 fuerit,
745 1852 804 1938 qui
814 1853 882 1919 iere
894 1853 1050 1918 omnibns
1063 1853 1175 1919 mimis
1186 1874 1286 1937 para·

234 1950 321 2016 situs
335 1952 523 2018 inducatur.
568 1951 681 2032 Quam
703 1955 962 2020 inconstantiam
976 1953 1089 2020 Verrii
1103 1956 1207 2020 uosbi
1220 1974 1285 2020 non

232 2051 439 2118 sinerubore
454 2053 561 2118 retuli.
1284 2110 1288 2118 .

189 2151 380 2219 Salutaris!
407 2161 502 2240 porta
529 2155 700 2238 appellata
727 2159 778 2220 est
807 2155 851 2220 ab
880 2153 955 2222 ende
977 2153 1119 2240 Salutis,
1145 2150 1282 2238 [Paua.

231 2273 309 2339 quae
324 2257 355 2321 ei
370 2258 526 2340 proxima
539 2255 617 2320 fuit.

642 2398 822 2420 OMNNO

185 2513 334 2641 ¹²⁰1:AE
345 2514 392 2566 lib.
408 2513 467 2568 PR.
491 2515 641 2568 Ulia-12
664 2515 715 2567 Ed.
733 2515 802 2566 Scal-
824 2513 953 2565 nomm
971 2514 1084 2578 pst-li
1101 2513 1167 2566 Eud.
1189 2513 1231 2566 ed.
1250 2517 1281 2568 G.

676 2755 787 2809 Nouis

182 2883 257 2935 onice
274 2882 355 2948 probo
376 2886 487 2937 Doctiss.
501 2884 599 2937 Anton.
610 2884 712 2950 Augus·
751 2884 979 2937 Nomlibaxxrv.
996 2882 1042 2934 ¹1².
1049 2883 1171 2946 Scipione
1179 2881 1279 2935 Afrlos·

183 2960 231 3010 tini
249 2959 456 3011 emendationem
469 2959 501 3011 P.
519 2961 636 3025 Sulpicio,
654 2961 718 3010 GN.
749 2961 869 3012 noelli.
880 2959 1033 3022 Sempronio
1045 2953 1278 3022 marcescendo

182 3033 458 3101 stiriaqulcousnles
471 3035 578 3087 suerum
587 3043 648 3101 post
659 3035 711 3101 Ap.
748 3035 888 3086 nrblsitit.
920 3034 1065 3098 Megslesis
1076 3033 1150 3083 ludos
1162 3035 1278 3085 scenicos

184 3109 276 3160 Claud.
293 3119 323 3162 et
339 3111 502 3163 &Fulvium
521 3111 710 3177 Flseouns,qul
749 3112 779 3160 C.
801 3110 899 3160 Atilius
920 3109 1058 3171 Serranus,
1078 3109 1108 3156 l..
1131 3107 1277 3159 Scribonius

179 3181 504 3237 infructuosissimas.
748 3183 813 3234 Libo
824 3183 920 3234 AEdilss
936 3183 1045 3232 curules
1063 3182 1138 3246 primi
1148 3180 1277 3235 fecundi.

211 3265 225 3292 ¹
235 3257 710 3324 M.cdpma1³nose]1lnoecatsss,
747 3259 848 3308 Horum
859 3256 981 3308 AEdllinnr
996 3257 1069 3306 ludos
1081 3257 1209 3306 Romanos
1224 3259 1277 3322 pri·

180 3347 233 3383 uon
245 3335 365 3396 Mean,
378 3343 454 3385 voest
466 3335 521 3384 lis.
534 3334 611 3384 Idem.
746 3345 816 3382 mum
826 3334 937 3382 Senatus
948 3347 963 3382 s
973 3333 1069 3396 populo
1079 3341 1276 3397 secretusspec-

211 3415 225 3442 ¹
249 3409 300 3458 Eos
316 3411 383 3458 ludos
399 3410 548 3473 Apollinares
567 3410 667 3458 Claudio
683 3413 708 3460 el
744 3407 827 3459 tsvit’
860 3407 919 3458 Hoc
939 3407 1079 3457 idern'i'sl.
1096 3408 1168 3458 Mes.
1186 3409 1277 3460 scribit

178 3483 266 3534 Fslolo
280 3483 322 3546 C.]
339 3485 465 3536 llisCoss.
476 3485 530 3534 ludi
539 3485 707 3548 Apollinares
744 3482 790 3533 lib.
802 3495 834 3533 ιι.
842 3497 899 3547 esp.
911 3487 937 3534 l.
970 3483 1055 3532 Locro
1067 3491 1213 3533 senatorum
1224 3483 1276 3535 init

178 3559 288 3620 primum
301 3557 365 3609 facti
383 3568 450 3610 snut.
470 3559 529 3610 Lis.
540 3571 634 3610 xxvss.
644 3565 709 3610 sect.
745 3559 771 3607 ln
783 3558 936 3616 Orchestra,
944 3563 975 3607 ut
984 3557 1099 3608 slioloco
1107 3557 1274 3622 scripsimns3

176 3637 219 3682 28.
236 3633 319 3683 ‘laudi
329 3633 490 3698 Apollinares
500 3634 533 3686 Q.
542 3633 643 3692 Fulvio,
652 3632 707 3696 Ap·
744 3640 773 3683 et
784 3633 860 3696 buius
871 3634 909 3683 rei
920 3633 1057 3696 vestigium
1072 3639 1145 3684 extat
1156 3633 1274 3684 hocloco

177 3709 222 3772 pio
233 3709 342 3758 Claudio
353 3710 426 3760 coss.
439 3724 454 3757 s
465 3709 497 3760 P.
508 3707 707 3770 Corneliosylls
745 3706 815 3770 opud
831 3707 947 3768 Festum,
957 3707 1020 3756 liret
1035 3707 1061 3756 iu
1075 3708 1220 3757 nominibus
1231 3709 1274 3757 AE·

176 3789 291 3846 praetore
300 3783 370 3833 urbis
379 3785 489 3847 primum
498 3781 562 3832 iacti
572 3779 651 3830 sont!
663 3781 706 3830 De
744 3783 833 3833 dilium
850 3798 866 3833 a
878 3783 952 3833 Livio
972 3790 999 3832 et
1008 3783 1115 3832 Vsterio
1126 3782 1271 3832 dissentiat.

175 3855 257 3907 liudis
283 3857 476 3921 Apollinaribus
502 3857 529 3907 iu
555 3853 706 3920 Apollinares
744 3856 838 3909 Altera
859 3859 946 3922 opinio
964 3857 1015 3908 fult
1030 3857 1128 3907 Vsterii
1148 3857 1272 3913 Antistio,

176 3929 334 3981 dictumest.
351 3931 428 3982 Idas.
744 3933 788 3998 qui
804 3933 915 3982 triennio
930 3939 988 3996 post
1006 3933 1097 3982 scribit
1109 3931 1142 3982 P.
1152 3931 1272 3994 Scipione

207 4005 367 4070 omnim]
385 4007 445 4060 Quo
460 4006 572 4072 primum
590 4019 666 4072 sono,
676 4013 705 4058 et
743 4009 849 4071 Nasica,
859 4009 949 4058 Manio
960 4007 1043 4058 Acilio
1054 4005 1196 4056 Glabrione
1212 4007 1273 4056 Cos.

175 4093 191 4130 s
201 4082 294 4147 qulbus
305 4082 360 4136 ludi
368 4083 465 4134 scenici
471 4082 705 4148 primi,ltlegslosis
743 4097 802 4132 cum
813 4082 883 4133 aues
892 4081 1099 4144 Matrisllsgns
1111 4081 1191 4131 loen
1204 4095 1220 4130 a
1231 4081 1270 4133 M.

175 4158 309 4222 appetisti,
319 4157 385 4209 laeti
396 4157 503 4216 insunt.
513 4159 641 4209 inustum
655 4165 704 4210 est.
743 4159 826 4208 Bruto
842 4158 964 4210 dedicato
985 4163 1036 4220 est,
1057 4155 1131 4205 ludos
1154 4156 1270 4206 scenicos

174 4230 263 4284 isitius
290 4233 418 4300 duplicem
445 4234 592 4300 opinionem
615 4233 703 4285 trsdit.
743 4233 1001 4299 primonblegslesis
1014 4231 1169 4299 appellatos,
1185 4231 1271 4283 iactos
