3190 4940
286 343 351 412 880
551 369 555 378 ·
623 358 735 410 snxrr
761 359 913 410 corinun
938 359 1042 410 unsri

329 501 617 570 consuetudinis¹4
635 523 696 586 per
720 521 822 568 unum
845 505 885 568 L.
908 502 1077 568 enunciari
1092 519 1161 568 nou
1174 505 1227 566 est
1245 501 1375 576 mirum,

268 680 273 698 ,
329 609 409 691 quia
422 606 514 670 nulle
537 611 613 669 tunc
631 605 862 685 geminabatur
887 605 1039 686 litorein
1057 603 1252 670 scribendo:
1275 622 1377 686 quum

329 706 606 786 consuetudinem
631 705 758 774 Ennius
781 706 963 770 mutavisse
978 705 1089 784 fertur,
1104 711 1220 788 utputo
1235 705 1377 770 Graecus

328 809 451 875 Graeco
472 827 558 871 more
572 826 668 884 usus,
684 806 772 889 qnod
789 805 841 870 illi
863 826 960 890 seque
973 807 1156 872 scribentes
1169 825 1211 870 ac
1230 807 1378 888 legentes

328 911 544 994 duplicabant
558 915 666 972 mutu
681 915 710 970 et
725 906 934 971 Semioocules
948 917 979 972 et
990 907 1133 992 liquidos.

286 1011 490 1078 Solitsuriliu
503 1009 683 1075 hostiarum
700 1010 799 1074 trium
822 1009 942 1076 diversi
954 1011 1086 1092 generis
1108 1010 1224 1074 immo·
1240 1007 1378 1092 [Peon.

327 1114 485 1178 lationem
499 1111 693 1194 significant,
705 1111 803 1185 tauri,
818 1111 943 1188 arietis,
959 1110 1078 1174 verris:
1100 1109 1194 1192 quod
1210 1125 1325 1172 omnes
1340 1107 1377 1176 hi

328 1214 428 1279 solidi
442 1214 625 1296 integrique
638 1211 705 1276 sint
720 1213 880 1294 corporis.
925 1213 1055 1290 Sollnm
1076 1213 1163 1275 enirn
1182 1211 1294 1293 lingue
1310 1209 1380 1274 Os-

328 1335 440 1380 corum
462 1315 626 1397 significat
648 1317 767 1389 totum,
791 1321 825 1377 et
843 1313 1008 1378 solidum:
1035 1313 1122 1378 unde
1137 1313 1204 1377 tela
1223 1311 1379 1395 quaedam

328 1415 515 1482 solliferree
528 1422 700 1490 vocentur,
713 1418 782 1477 totu
792 1415 906 1493 ferrea,
921 1423 956 1479 et
966 1416 1068 1479 bomo
1083 1416 1247 1479 bonarum
1261 1414 1379 1477 artium

328 1518 458 1595 sollers,
474 1523 507 1580 et
518 1535 595 1600 quae
606 1515 701 1579 nulle
716 1519 812 1595 purte
825 1516 951 1594 laxate,
973 1535 1137 1599 caveque,
1152 1516 1260 1580 subdu
1272 1500 1381 1579 nomi·

327 1623 454 1681 uantur.

287 1718 381 1783 Solle
393 1725 440 1765 ’ς’
463 1719 673 1802 appellantur
689 1723 820 1801 sedilia,
834 1723 870 1784 in
886 1721 1009 1803 quibus
1031 1737 1098 1783 non
1119 1719 1232 1803 plnres
1253 1720 1379 1803 [Fusu.

328 1821 468 1901 singulis
479 1823 611 1902 possint
625 1823 751 1902 sedere,
761 1825 905 1906 ideoque
919 1813 1004 1886 sollu
1016 1820 1042 1860 ¹⁶
1057 1826 1199 1885 sternere
1211 1821 1379 1900 dicuntur,

329 1922 387 2004 qui
404 1921 627 1985 solistemium
641 1924 773 2003 hebent,
789 1933 821 1990 et
836 1923 962 1988 soleria
976 1929 1149 1999 vocantur,
1159 1921 1379 2005 Babylonica,

328 2022 451 2106 quibus
478 2022 592 2086 eadem
619 2031 830 2091 sternuntur:
854 2043 943 2108 quoe,
959 2031 997 2088 ut
1023 2025 1069 2088 uit
1096 2022 1245 2098 Verrius,
1267 2023 1380 2086 omniu

328 2124 430 2187 ductu
444 2130 521 2186 sunt
536 2125 648 2190 solo.¹⁷
665 2125 762 2190 Alvei
772 2145 904 2210 quoque
918 2125 1054 2188 lavandi
1064 2125 1088 2163 ¹⁸
1104 2124 1212 2207 gretia
1226 2123 1379 2198 instituti,

329 2243 396 2307 quo
408 2224 529 2306 singuli
539 2224 756 2304 descendunt,
768 2229 854 2291 solla
863 2225 1019 2289 dicuntur
1030 2233 1057 2290 τ’
1072 2243 1149 2308 quae
1162 2243 1184 2288 a
1194 2223 1341 2288 sedendo
1353 2232 1380 2274 ¹⁹

326 2327 441 2410 potius
455 2327 546 2390 dicta
560 2326 723 2407 videntur,
738 2349 839 2412 quem
860 2347 881 2391 a
895 2325 994 2390 sollo.

286 2429 379 2493 Solle
391 2435 418 2464 ²⁰
434 2428 568 2503 sedilia,
582 2428 616 2490 in
636 2430 756 2511 quibus
779 2429 899 2510 singuli
923 2433 1049 2492 tantum
1065 2433 1208 2510 possunt
1243 2427 1381 2510 [Pron.

328 2529 461 2608 sedere;
484 2528 626 2612 ideoque
651 2532 755 2595 solia¹
774 2537 919 2596 sternere
946 2529 1110 2606 dicuntur,
1134 2530 1194 2610 qui
1217 2529 1379 2592 sollister-

744 2709 921 2731 enemente

318 2810 348 2856 id
365 2806 412 2855 Vir
423 2807 492 2855 doct.
504 2807 530 2855 iu
540 2819 620 2870 πυτς.
640 2807 682 2856 ed.
700 2808 768 2858 Sosi.
783 2807 851 2870 conj.
868 2807 966 2870 entique
982 2807 1152 2856 mmdndin.
1187 2805 1255 2854 Vide
1268 2803 1379 2854 iufra.-

286 2875 316 2920 lc
332 2870 373 2919 ld.
384 2871 446 2919 ibid.
458 2870 524 2919 Solio
542 2872 583 2918 vel
602 2871 809 2922 Soiu.-16Vet·
824 2871 882 2919 cod.
899 2873 1046 2920 solium-li
1064 2871 1109 2916 Vir
1124 2870 1196 2918 doct.
1215 2887 1230 2917 u
1247 2870 1380 2918 colio-18

284 2933 603 3048 ἔὲῑωῑὲἳεῗὲῗῗῗῶῖιθ
620 2936 661 2984 ld.
680 2938 900 2986 accendendu—-io
917 2935 964 2984 Vir
975 2934 1045 2984 doct·
1056 2934 1113 2983 Solu
1125 2933 1166 2982 vel
1178 2933 1298 2984 Saltu-l
1316 2933 1379 2982 Vct.

780 3158 885 3210 NOTAE

317 3277 327 3303 ¹
344 3267 423 3328 Seue]
440 3270 509 3332 Lege
521 3270 605 3320 Solia.-
620 3276 655 3328 et,
666 3272 763 3337 ideoque
773 3290 811 3324 uo·
851 3275 876 3323 lo
893 3273 949 3336 ipse
961 3273 986 3321 iu
997 3272 1131 3334 lectulum,
1139 3271 1207 3322 Juno
1219 3275 1247 3319 et
1258 3269 1380 3320 Miueree

284 3344 630 3410 iiurmmmdieuntuutre.
656 3347 734 3403 Item,
745 3353 812 3398 θέω·
851 3347 877 3395 in
903 3349 978 3396 eeiier
1001 3347 1034 3395 ed
1058 3361 1157 3396 emnem
1183 3341 1383 3394 invitabuntur?

284 3420 640 3484 unumunurssatyuuoa.
655 3424 736 3471 Verro
748 3424 811 3472 Cou-
851 3419 919 3470 Vide
941 3420 1107 3484 ‘Epulonem'
1138 3419 1282 3483 Babylonis
1303 3420 1380 3469 solie·

285 3495 413 3545 motorine
424 3493 477 3558 erpi
485 3497 573 3558 φθορᾶι
583 3495 672 3556 κόσμου
685 3513 693 3546 r
711 3497 811 3560 ‘Pluy-
850 3497 889 3545 riu
900 3511 916 3546 u
927 3495 1068 3560 Babylone,
1078 3509 1136 3560 que
1153 3497 1267 3544 diversus
1278 3497 1379 3544 coloreo

286 3570 327 3633 gio
347 3569 390 3634 qni
405 3569 522 3632 polrlnur
535 3575 637 3631 poteret
649 3571 764 3634 pingere,
773 3585 812 3620 eo·
850 3571 960 3633 picturus
980 3571 1098 3620 intexere
1115 3569 1213 3619 docuit.
1240 3567 1306 3618 Ptin.
1331 3568 1379 3618 lib.

285 3642 489 3707 borleugum)
523 3643 640 3695 Glosrae:
657 3645 766 3703 ‘Sotion9
777 3644 811 3695 δι’·
850 3659 915 3695 vrri.
926 3661 984 3708 cup.
1001 3651 1042 3696 48.
1059 3643 1239 3708 ‘Bubyiouice
1257 3645 1380 3708 periitne·

189 3703 192 3716 '
286 3719 362 3780 epar!
377 3717 504 3768 amnem.
850 3719 938 3768 ω’
952 3719 1018 3767 mxu
1034 3717 1249 3768 Pinnensem.
1268 3719 1330 3768 nae.

318 3791 395 3854 Scau]
412 3792 482 3855 Iope
501 3797 530 3840 ut
542 3791 637 3855 scalig.
665 3792 748 3842 Solinr
767 3807 811 3842 eu·
881 3795 977 3844 'dicei
993 3809 1082 3857 quoque
1102 3793 1197 3842 modi
1213 3793 1305 3854 gratia,
1325 3791 1381 3854 bu]

285 3875 339 3918 tem
352 3875 467 3917 sternere
479 3866 631 3918 dicebantur
646 3867 689 3931 qui
699 3869 811 3919 sellister-
851 3870 931 3933 Lege,
958 3870 1024 3919 Scite
1045 3870 1166 3918 duntur.
1209 3869 1293 3917 Giosu.
1320 3867 1380 3916 ‘ro-

285 3944 351 3992 nium
360 3941 499 4004 hebebant,
509 3941 578 4006 qnod
590 3942 640 3991 ulio
651 3944 753 3992 nomine
765 3944 810 3993 lee-
850 3946 912 3994 lium
930 3944 1038 4008 ἐμβάτη]
1071 3947 1137 3995 Nem
1156 3944 1260 4006 rmum,
1279 3945 1380 4005 eirene,

286 4018 421 4066 tinternium
439 4017 584 4078 dicebatur,
595 4015 662 4082 qnod
680 4016 735 4067 Diu
748 4033 810 4082 epu·
851 4020 876 4068 iu
887 4035 962 4084 quern
975 4021 1136 4069 descendunt
1147 4020 1265 4071 berturi.
1278 4019 1380 4079 ἔμβασιν

286 4091 377 4140 loturi·
395 4091 455 4140 tecti
483 4098 511 4140 et
533 4091 604 4141 eelim
625 4097 810 4143 sternerentur.
850 4103 927 4146 uocet
940 4096 1058 4148 Dioscor.
1075 4095 1149 4144 Idem.

287 4165 347 4216 Vel.
359 4166 433 4218 Mer.
443 4165 488 4216 lib·
498 4179 597 4231 recep.
610 4171 633 4218 i.
650 4167 810 4232 ‘invitupe-
