3208 4938
323 427 373 474 nn
395 423 601 474 vannorum
625 424 935 476 srcsrrrcsrroun
959 427 1030 478 nro.
1054 430 1152 478 xvrr.
1216 415 1281 482 861

234 565 394 635 Maniliae
414 566 494 632 donc
518 563 630 653 refert:
645 566 729 652 quod
739 563 873 634 Romam
891 573 951 655 qui
971 571 1170 640 incoluerint
1185 577 1283 660 primi

234 669 434 756 Aborigener,
448 669 623 749 bominem,
639 671 815 751 sexaginta
836 693 990 737 canomm
1003 674 1057 760 qui
1078 685 1163 756 errat,
1176 677 1284 741 irmio-

224 772 301 836 *iurr
316 771 390 836 Diti
401 772 488 856 patri
499 770 673 856 quotannis
686 769 915 858 solitisuerirrt,
926 773 1010 860 qaod
1025 776 1133 844 facere
1154 797 1213 843 eos
1227 780 1285 844 de.

234 871 346 938 marre
359 870 495 938 odorata
511 871 678 952 Homolio,
694 873 756 938 sed
775 875 931 958 religione
941 887 1049 962 posteo
1063 877 1175 942 ortaria
1193 881 1285 944 morie

234 975 383 1058 rairpeas
396 973 566 1040 hominum
580 973 700 1060 effigies
713 973 751 1040 de
759 986 855 1059 ponte
869 978 903 1042 io
920 976 1056 1046 liberior
1068 987 1169 1044 vetere
1183 979 1284 1046 modo

233 1077 368 1142 mittere
382 1075 558 1141 instituisse.
596 1074 666 1140 Alii
680 1074 800 1156 diam,
815 1081 1006 1147 morantcin
1017 1081 1119 1148 ltalia
1135 1079 1284 1161 Hercule,

234 1175 701 1265 quodquidomejmcomitnm
710 1179 933 1248 habitaverint
941 1181 1105 1248 acardum
1113 1182 1218 1267 ripam
1226 1183 1286 1248 Ti·

234 1277 365 1362 beris,¹⁶
378 1285 481 1364 atquc
493 1279 634 1364 Argaeos
646 1303 677 1346 a
691 1279 733 1345 ub
744 1279 873 1368 Argivis
885 1284 1071 1350 vocaverint
1083 1287 1172 1351 arvis
1185 1304 1194 1351 ι
1205 1303 1286 1369 quo·

235 1397 307 1445 rum
322 1378 481 1465 proditam
499 1382 678 1446 mnodum
698 1381 919 1465 redintegrari,
932 1405 975 1450 eo
998 1393 1089 1468 geute
1102 1385 1225 1448 marum
1244 1383 1285 1448 ab

239 1476 353 1545 Graeca
360 1481 505 1563 legatum
516 1481 680 1566 quendam
687 1485 847 1564 Argaeam
856 1483 912 1548 diu
922 1507 990 1548 cum
998 1487 1040 1550 iis
1047 1485 1167 1552 Romae
1178 1503 1286 1552 mora·

235 1586 305 1645 tum
314 1579 1287 1672 esse2hisntobierit‚instltntumasacerdotibnsmtcffigier

237 1681 369 1765 scirpea
383 1701 427 1746 ex
443 1681 610 1760 omnibus,
625 1703 701 1748 cum
714 1701 791 1767 quea
803 1685 951 1767 publicae
965 1695 991 1737 ¹⁷
1000 1697 1090 1750 erent
1101 1686 1147 1750 rei
1155 1687 1287 1752 nuntia·

236 1783 354 1860 visset,
365 1801 425 1868 per
439 1783 569 1862 flumen,
579 1801 619 1848 ao
629 1801 718 1848 maro
731 1785 764 1848 in
777 1785 918 1868 patriam
929 1787 1162 1852 remitteretur.
1191 1779 1288 1866 Sunt,

235 1883 296 1968 qni
311 1883 436 1962 dicant,
455 1889 533 1969 post
556 1885 672 1950 urbem
697 1905 719 1951 a
744 1885 858 1952 Gallis
881 1887 1055 1955 liberatam
1079 1887 1123 1952 ob
1141 1887 1288 1972 inopiam

197 2019 202 2026 ·
236 1985 367 2050 cibatus
382 1991 519 2070 coeptos
541 1985 718 2067 sexaginta
740 2005 898 2051 annorum
924 1988 1074 2052 homines
1094 1987 1165 2070 jaci
1180 1987 1214 2050 iu
1229 1987 1288 2050 Tia

237 2085 341 2150 barim
354 2105 363 2165 3
385 2104 429 2150 ex
445 2105 513 2170 quo
524 2103 659 2150 numero
673 2104 757 2149 unus
772 2085 833 2150 lilii
849 2087 974 2170 pictate
991 2085 1180 2152 occultatus
1194 2103 1289 2170 saepe

237 2185 398 2268 profuerit
412 2187 530 2269 patria
545 2185 691 2252 consilio
703 2187 767 2251 sub
780 2205 923 2271 persona
938 2187 1022 2254 filii:
1043 2187 1078 2251 id
1094 2193 1133 2252 ut
1153 2187 1197 2252 eit
1211 2205 1290 2270 cog·

235 2286 352 2366 uitam,
364 2287 396 2351 ci
414 2286 532 2371 juveni
554 2305 631 2352 esse
651 2289 812 2370 ignotum,
827 2294 862 2353 et
876 2289 1109 2372 sexagenariis
1122 2289 1193 2354 uita
1212 2307 1291 2354 oon·

239 2407 357 2454 cossa:
400 2389 546 2453 latebras
568 2393 677 2454 autem
693 2386 809 2472 ejus‚¹⁸
826 2389 950 2472 quibus
966 2387 1109 2453 arcuerit
1122 2391 1148 2438 ¹⁹
1169 2407 1290 2470 senem,

195 2541 197 2550 ,
237 2489 273 2556 id
300 2497 364 2568 est,
389 2488 586 2567 cohibuerit,
611 2496 646 2552 et
670 2487 842 2566 celaverit,
862 2489 1041 2554 sanctitate
1064 2487 1183 2570 dignae
1211 2508 1291 2554 csse

238 2591 343 2667 visas,
365 2587 511 2671 ideoque
526 2586 649 2654 Arcaea
670 2588 849 2672 appellata.
893 2588 960 2652 Sed
983 2589 1292 2672 exploratissimum

237 2689 324 2756 illud
340 2695 393 2755 cst
406 2707 532 2768 causae,
549 2707 617 2772 qao
629 2695 777 2782 tempore
792 2687 936 2772 primum
950 2709 1010 2772 per
1024 2693 1159 2773 pontem
1176 2707 1292 2770 coepe·

238 2799 334 2857 runt¹¹
358 2789 507 2856 comitiis
530 2789 726 2872 suffragium
753 2787 851 2869 terre,
877 2787 1028 2872 juniores
1057 2789 1292 2854 conclamare·
1370 2799 1375 2808 '

198 2921 201 2928 ·
238 2900 327 2970 mut,
348 2897 385 2956 ut
398 2891 439 2956 dc
453 2897 554 2975 ponte
571 2890 794 2976 dejicerentur
809 2891 1032 2973 sexagenarii,
1048 2891 1106 2976 qni
1114 2890 1186 2974 jaro
1200 2890 1292 2955 nullo

197 2993 202 3076 ᾗ
238 2989 374 3076 publico
396 3009 533 3055 munere
553 2989 772 3074 iungerentur,
794 2997 831 3054 ut
852 2989 920 3074 ipsi
943 2990 1058 3074 potius
1082 2989 1160 3069 sibi,
1190 2989 1292 3074 qu'am

238 3093 302 3173 illi,
317 3093 500 3174 deligerent
509 3093 754 3176 imperatorem.
785 3091 894 3175 Cujus
909 3091 1086 3157 sententiae
1098 3099 1112 3127 ⁰
1125 3098 1176 3156 cst
1189 3091 1291 3156 etiam

228 3387 260 3433 lo
276 3381 325 3434 Ed.
335 3380 404 3434 Scal.
413 3381 421 3409 ⁴
430 3381 509 3445 dorm
519 3377 691 3432 ecberte-rt
704 3379 769 3432 iisd.
779 3379 819 3429 ed.
830 3379 1111 3444 comessantium-18
1127 3381 1181 3434 Pro
1191 3383 1241 3444 dra
1254 3383 1293 3436 vir

198 3445 270 3496 doct.
287 3445 313 3494 lo
324 3459 405 3510 marg.
417 3445 534 3508 ejusdem
545 3444 586 3494 ed.
596 3445 664 3508 conj.
675 3447 790 3498 eureio
807 3445 872 3495 liud.
884 3445 926 3496 ed.
936 3447 1053 3508 urgueri.

691 3621 801 3674 NOTAE

198 3741 315 3798 corpore,
324 3737 427 3797 genter,
439 3731 553 3790 Mittite,
563 3745 621 3795 quer
630 3729 724 3781 Tuscis
796 3737 809 3764 ¹
825 3731 876 3781 Per
888 3735 983 3794 marr
998 3727 1130 3795 emt]
1145 3729 1188 3778 De
1207 3729 1293 3792 ponti·

198 3809 360 3874 excipiantur
370 3809 452 3874 aquis.
486 3810 575 3858 muco
586 3807 725 3856 inhaere·
765 3807 872 3874 bor‚qui
886 3807 1008 3872 abreptis
1019 3805 1190 3856 comitialibus
1200 3803 1234 3853 ad
1247 3805 1293 3854 Di·

198 3885 472 3947 ottrtrynthtorrm,
485 3881 726 3948 quatruuir'rristls
764 3881 1046 3933 ribitodunretrillsm
1058 3881 1187 3947 publicam
1203 3877 1293 3928 suffra-
1337 3873 1342 3880 '

198 3958 616 4025 hucrdlosacrspemctsmodo·
647 3957 725 4007 Illum
764 3963 854 4020 gantos
881 3957 1060 4021 traducebant,
1086 3963 1148 4006 nott
1175 3969 1216 4006 res
1243 3963 1292 4005 est.

197 4037 348 4087 stramineos
368 4036 502 4100 inaquam
520 4033 619 4083 mlrlrsc
638 4033 724 4085 Qotrt-
766 4035 842 4083 idem.

198 4123 257 4164 terr
277 4111 528 4176 Hereallscrsmplo
539 4108 726 4174 corporaliter
798 4107 1035 4171 “qummtertid
1052 4108 1086 4157 Et
1095 4105 1173 4157 Orld.
1184 4121 1210 4155 v.
1220 4106 1291 4157 Fosi.

193 4189 265 4252 jael:
294 4189 334 4238 ile
346 4188 439 4252 Argeia
453 4187 591 4238 comitibus
603 4187 724 4238 Herculis
765 4185 849 4234 ‘Pars
861 4192 945 4248 putat,
957 4189 987 4234 nt
1001 4181 1103 4232 ferrent
1119 4183 1227 4246 juvenes
1240 4181 1292 4232 sul·

200 4263 260 4313 ride
268 4264 294 4315 io
307 4263 315 4292 ¹
326 4261 422 4326 Arget'
434 4272 463 4314 er
474 4261 610 4327 ‘Argeoa'
622 4261 684 4312 Dor.
765 4257 1041 4324 trugiurolt,l’ontibus
1050 4255 1162 4309 infirmor
1173 4259 1280 4322 proripi
