3190 4940
304 423 375 492 ,914
527 439 531 450 ·
649 438 763 489 snxrr
788 437 940 487 rournn
965 437 1069 488 resur

313 581 385 646 Sub
395 581 512 666 jugum
527 583 612 648 mitti
624 582 779 649 dicuntur
792 583 918 661 hostes,
933 603 1009 648 cum
1024 582 1155 647 duabus
1169 579 1245 646 has·
1268 577 1402 666 [Pnuu.

357 684 400 747 tis
424 685 458 746 in
483 689 567 749 terre
593 683 726 761 defixis,
751 687 915 770 tertiaque
935 684 1152 768 superligata,
1172 683 1317 747 iuenues
1341 685 1403 748 sub

275 823 276 826 =
354 785 412 850 ens'
426 792 591 868 coguntur
606 787 758 850 transire.

313 887 384 950 Sub
398 888 528 951 vineam
536 887 670 970 ‚iuuerer
684 885 836 950 dicuutur
851 885 983 958 milites,
1009 905 1086 950 cum
1112 885 1300 950 astantibus
1324 903 1406 950 cen·

354 989 538 1052 turionibus
544 988 657 1071 jacere
672 993 835 1069 coguntur
849 988 962 1050 sudes.

314 1086 380 1150 Sub
402 1089 523 1152 vincum
539 1087 649 1175 jacere
675 1087 817 1154 dicuutur
838 1089 973 1168 milites,
988 1085 1055 1152 curn
1082 1085 1256 1152 octantibus
1277 1088 1403 1166 [Fnsr.

354 1191 590 1255 centurionibus
598 1189 703 1274 jecere
717 1198 866 1275 cogantur
881 1189 980 1253 sudes.

313 1292 384 1356 Sub
400 1293 500 1356 vitem
511 1299 521 1328 ⁸
533 1292 648 1356 hastas
657 1291 770 1374 jacere
784 1291 908 1354 dicitur
920 1291 1023 1366 velus,
1033 1310 1110 1355 cum
1122 1293 1254 1356 enssnb
1269 1291 1403 1367 [Peon.

355 1412 455 1457 manu
470 1413 600 1458 sursum
614 1394 727 1456 mittit.
749 1392 920 1458 Lucilius:
935 1398 972 1457 ut
981 1393 1073 1458 veles
1084 1394 1192 1457 bonus
1208 1395 1272 1456 sub
1288 1392 1402 1468 vitem,

356 1495 415 1576 qni
430 1495 597 1558 summisit
608 1501 631 1530 ¹¹
647 1493 775 1558 hnstus.
820 1493 923 1557 Veles
937 1500 1048 1558 nutem
1062 1493 1176 1558 velitis
1193 1494 1285 1558 fecit.

314 1595 383 1659 Sub
398 1595 496 1660 vitem
512 1595 732 1680 hactesjucere
745 1593 860 1658 dicitur
873 1593 963 1673 veles,
977 1595 1109 1658 cumeae
1123 1593 1180 1658 cub
1194 1615 1263 1659 mu·
1278 1591 1405 1672 [Fusn.

355 1717 401 1761 nu
414 1717 533 1760 curcum
548 1696 655 1762 mittit.
699 1696 869 1786 Lucilius:
891 1705 929 1762 ut
955 1695 1033 1761 celer
1053 1694 1146 1759 bouus
1162 1696 1219 1760 urb
1236 1696 1331 1760 uitem
1346 1696 1405 1778 qui

356 1798 483 1862 subit¹²
502 1797 619 1861 bertus.

314 1899 385 1963 Sub
401 1899 503 1964 vitem
518 1898 664 1981 proeliari
678 1896 834 1962 dicuutur
847 1899 980 1976 milites,
991 1917 1067 1963 oum
1083 1899 1146 1962 sub
1161 1897 1257 1962 vinea
1270 1897 1409 1976 [ΡΔυι.

355 1999 490 2064 'militari
513 1998 673 2082 pugnent.
715 1999 890 2067 Luciliusz
923 1999 1042 2085 Neque
1070 1999 1203 2086 prodire
1228 2000 1263 2062 iu
1289 1998 1408 2076 altum,

355 2101 502 2184 praeliari
516 2100 635 2184 procul
651 2101 713 2164 sub
728 2102 808 2164 vite.

317 2199 383 2264 Sub
405 2201 498 2265 uitem
515 2199 844 2284 prclc’uri‘dicuntur
863 2199 986 2280 militer,
1006 2223 1073 2264 cum
1094 2198 1253 2264 subvinea
1273 2199 1407 2284 [Fusu.

356 2303 492 2368 militari
518 2311 673 2386 puguant.
718 2299 881 2366 Lucilius:
902 2311 1045 2386 neque¹³
1071 2294 1207 2386 prodire
1232 2299 1266 2363 iu
1295 2301 1407 2379 utum,

352 2403 495 2488 pruliaci
503 2404 611 2487 procul
622 2403 686 2467 sub
700 2403 779 2468 vite.

316 2505 388 2570 Sub
403 2524 464 2569 vos
480 2504 608 2586 pluco,¹¹
622 2503 657 2566 iu
680 2503 835 2586 precibus
850 2501 919 2568 sere
935 2524 1010 2568 cum
1026 2502 1158 2582 dicitur,
1173 2501 1340 2586 significat
1361 2497 1409 2578 id,

348 2797 378 2842 ll
396 2791 447 2842 Alii
464 2794 554 2854 legunt
570 2791 674 2853 ututur.
704 2791 771 2841 Vide
782 2791 924 2844 infru-ln
941 2793 988 2844 Vir
998 2795 1068 2844 doct.
1080 2795 1107 2844 in
1118 2809 1198 2859 merg.
1209 2793 1252 2845 ed.
1260 2793 1330 2845 Seni.
1340 2795 1410 2860 conj.

314 2857 482 2918 aurete—ln
494 2857 543 2908 Ed.
553 2856 622 2908 Seni.
633 2859 758 2922 ‘pugnent
770 2857 877 2906 Lucilius
887 2859 944 2922 ὣς.
957 2857 1078 2924 prodire.'

809 3026 920 3078 NOTAE

347 3122 626 3186 'Sulciemjncerd
652 3123 794 3173 Militarem
806 3125 842 3172 ri·
881 3124 996 3189 gendum
1016 3127 1050 3176 Ut
1066 3129 1127 3177 celer
1143 3123 1212 3177 luc
1227 3127 1270 3176 rud
1285 3127 1411 3192 utraqu

315 3213 390 3248 neem
407 3201 461 3248 slve
476 3199 554 3248 vitem
571 3199 609 3247 rie
621 3197 746 3247 describit
757 3199 842 3262 Vege-
881 3200 974 3249 “nicil
988 3202 1077 3252 benten
1121 3199 1224 3254 &nteit
1240 3219 1289 3266 pru
1305 3203 1412 3264 adjicit,

315 3271 383 3320 tius:
408 3271 447 3320 ‘E
468 3272 545 3334 lignis
566 3272 706 3321 levioribus
725 3273 843 3322 machine
882 3283 919 3324 nt·
932 3275 1069 3326 ‘Comere'
1088 3287 1135 3341 pre
1154 3277 1278 3336 ‘Ceumss
1297 3277 1306 3306 ‘
1323 3277 1409 3327 Comi-

315 3347 462 3408 eolligetun
473 3347 523 3395 nltn
535 3346 645 3409 pedibus
658 3352 682 3397 8.
692 3349 744 3398 lete
755 3352 780 3398 i.
789 3349 842 3398 lou·
883 3349 962 3400 tium·
973 3366 1021 3415 pro
1032 3353 1179 3402 ‘coitione'
1192 3353 1245 3402 Jor-
1256 3353 1320 3401 Seni·

316 3435 348 3485 gn
366 3424 406 3473 lt.
425 3420 502 3484 hujus
524 3429 621 3471 tectum
642 3422 739 3486 duplici
761 3423 843 3472 muni·
914 3426 966 3476 Sub
984 3427 1069 3491 vitem]
1096 3428 1203 3477 Sebeda
1224 3427 1322 3478 hebent
1337 3427 1412 3492 redit,

316 3498 397 3560 tione,
417 3496 540 3547 trbuletir
556 3497 721 3562 cratibusque
736 3505 843 3548 contex-
883 3499 952 3564 qnod
964 3502 1336 3566 mirreorruprumvtdeturex
1347 3503 1413 3551 ulli·

315 3572 376 3621 itur.
409 3572 502 3621 Latere
520 3584 620 3636 qnoque
636 3570 730 3620 vimine
741 3571 843 3634 repinu·
881 3576 962 3638 eit,ut
973 3579 1113 3644 untiquitur
1130 3579 1278 3630 rcribebent
1296 3580 1411 3642 prout.

315 3655 367 3703 tur,
386 3659 420 3695 ne
437 3659 556 3694 nexorum
573 3645 732 3707 pilorumque
745 3644 842 3708 impetu
874 3651 942 3711 flete.
960 3655 1026 3703 Dee.

316 3729 494 3785 penetrentur.
527 3720 695 3770 Extrinsecus
712 3730 843 3772 nutemus
912 3728 988 3778 'Sub
1009 3728 1081 3779 uitem
1105 3729 1226 3793 malim]
1252 3729 1411 3780 murtena

314 3797 428 3848 imminu
438 3803 635 3846 concrementur
645 3795 774 3851 incendio,
786 3811 842 3868 cru·
882 3802 978 3852 Lucilii
998 3803 1036 3852 ire
1060 3803 1199 3864 tegendum
1218 3805 1301 3868 Neque
1313 3805 1412 3868 prodire

314 3873 354 3923 diu
366 3889 396 3924 nc
409 3873 556 3924 recentibus
570 3871 656 3932 curiis,
675 3873 842 3923 relcentoni·
880 3877 907 3926 ie
927 3879 1011 3942 aum,
1032 3879 1142 3943 pretim
1162 3879 1205 3930 ut
1230 3881 1303 3930 vitm
1321 3881 1411 3944 meu.

314 3949 363 3998 bue
374 3950 498 4013 operitur.
523 3948 588 3998 Cum
601 3947 687 4011 plures
697 3945 776 3999 trem
785 3947 842 3999 fue·
880 3951 1016 4003 sorbeat.

315 4026 377 4081 rint,
393 4025 538 4088 Juuguntnr
548 4023 573 4072 in
592 4021 716 4085 ordinem,
732 4023 779 4073 rub
789 4025 843 4088 qui·
914 4033 925 4059 ¹
941 4027 1126 4094 Seducrplneu]
1142 4029 1209 4080 Vide
1221 4031 1229 4059 ‘
1239 4030 1411 4082 lindoinum?

314 4101 362 4150 bue
385 4101 547 4150 subridentes
572 4100 622 4149 tuti
643 4100 676 4150 ed
696 4100 842 4150 rubrnendn
880 4101 1016 4166 Animus.

315 4191 443 4226 murorum
456 4183 594 4241 penetrent
604 4175 791 4227 fundamenta:
800 4178 839 4229 ld.
912 4179 963 4228 Sul
977 4195 1019 4230 eor
1032 4183 1110 4247 pluro]
1134 4183 1188 4232 Pro
1199 4185 1367 4247 noeruppllrur
1378 4191 1409 4233 nt

347 4251 422 4302 ‘Set
440 4253 523 4316 ruem]
550 4253 640 4304 Lucilii
655 4266 743 4304 verene
759 4252 838 4304 corri-
877 4253 944 4319 ‘per
954 4259 1125 4320 egoteDeor
1135 4259 1197 4318 στοβ
1215 4267 1244 4311 et
1253 4273 1313 4325 qu·
1331 4273 1407 4310 vece-
