3180 4920
342 365 391 413 on
413 365 621 416 vernonum
644 366 959 420 srcnrsrcnrronc·
975 371 1045 420 mn.
1069 372 1150 423 xvr.
1235 363 1300 430 727

248 507 395 591 antiqui:
410 507 489 591 quia
503 527 643 592 procare
654 516 708 574 est
722 528 873 594 poscere.
910 511 1084 580 Pacuvius
1098 517 1133 580 in
1142 517 1296 586 Teucro:

250 608 399 693 Rapido,
420 610 604 694 reciproco,
626 613 766 696 percito,
792 605 946 697 augusto,
969 617 1085 697 citare,
1099 626 1232 700 rectem,
1247 644 1297 689 re-

249 711 418 793 ciprocare
432 712 521 778 unde
535 733 621 797 eque
634 715 764 796 gremiis
785 717 984 800 subjectare,
998 719 1153 803 adfigere.
1178 721 1181 726 ’
1197 723 1298 791 Plau·

249 819 305 877 tus
319 815 353 877 in
366 811 514 880 Astraba
522 823 545 879 :⁴
567 817 665 899 qnasi
680 817 849 884 tollenono
867 825 926 886 aut
947 821 1055 903 pilum
1070 821 1225 890 Graecum
1247 847 1296 891 re-

219 909 222 916 ’
246 915 400 998 ciproces
414 917 591 1000 planauta.

205 1013 453 1084 Reconductae‘
482 1017 620 1095 secerit‚⁷
643 1026 679 1082 et
707 1020 846 1085 condere
881 1025 1006 1102 urbem,
1031 1025 1151 1106 facere,
1189 1029 1294 1096 adifi-

247 1135 343 1198 care;
358 1126 396 1182 ut
411 1117 547 1186 Cincius
563 1127 702 1186 testatur
717 1123 750 1186 in
765 1123 852 1188 libro
868 1125 909 1190 de
925 1127 1034 1191 verbis
1047 1128 1180 1212 priscis.

209 1215 349 1284 Rectaeg
369 1222 581 1307 appellantur
598 1225 793 1290 vestimenta
807 1228 926 1305 virilia,
950 1246 1027 1311 quae
1051 1237 1166 1312 patres
1178 1231 1293 1298 liberis

247 1323 319 1385 suis
349 1323 552 1388 conficienda
579 1331 696 1390 curant
724 1328 845 1392 ominis
875 1349 1000 1404 causa:
1037 1331 1088 1397 ita
1115 1343 1291 1417 usurpata,

245 1423 372 1505 quoda
386 1425 553 1491 stantibus
567 1433 603 1490 et
619 1427 651 1490 in
667 1427 874 1494 altitudinem
889 1436 1054 1496 texuntur.

658 1623 835 1646 emulano

232 1751 328 1803 tdnt·
345 1751 412 1816 Aug.
431 1753 512 1814 malit,
542 1754 691 1819 Reeosders't,
707 1755 802 1817 feeerit.
843 1758 910 1808 Scsl.
936 1758 1001 1824 legit
1019 1760 1159 1824 Manu,
1175 1763 1290 1820 resecuit,

200 1819 269 1869 Duc.
280 1818 387 1882 conjicit
398 1816 549 1882 ltecosders't
558 1819 675 1878 νςΐεισίι.

688 1985 801 2062 ΝοτιεΙ

146 2107 153 2116 ·
197 2111 256 2146 cum
276 2096 410 2147 videntur:
439 2097 518 2161 igliur
534 2097 596 2147 illud
615 2098 725 2151 Pacuvii
764 2105 936 2169 ροντρίιηχυν.
949 2107 1023 2156 Idm.

195 2173 314 2236 neimo
322 2173 414 2222 Festus
420 2174 537 2236 exponit,
551 2176 636 2224 ‘ultre
648 2175 723 2225 citro·
801 2181 988 2245 stramem]
1000 2183 1080 2246 Lego,
1092 2179 1233 2241 Reeoodss't,
1250 2193 1289 2228 re·

197 2250 377 2315 querestitaus
394 2249 570 2313 penemeos)
603 2251 722 2302 Fortasse
756 2256 860 2314 J'eeerit:
886 2266 1030 2308 etcertum
1057 2265 1097 2316 est
1115 2257 1229 2324 itsesse
1251 2267 1289 2302 re-

196 2325 386 2376 continusndus
399 2339 486 2374 venos
498 2325 625 2376 Pacuvii:
645 2328 721 2390 rapto,
762 2334 857 2381 andus
870 2341 914 2382 sut
924 2335 1058 2396 temdum,
1075 2339 1105 2382 ut
1115 2332 1122 2360 ¹
1132 2331 1240 2382 creduit'
1260 2338 1288 2380 et

196 2401 503 2465 saepememoratus
516 2403 578 2452 ultro
595 2404 656 2451 citro
670 2418 719 2454 res·
761 2407 902 2456 ‘credone'
914 2406 1040 2456 doadsul.

195 2483 251 2526 teos.
285 2477 353 2526 Vide
365 2477 518 2541 Varronem,
535 2479 578 2543 qni
589 2479 654 2528 citst
667 2493 723 2528 rer·
793 2487 806 2524 s
822 2481 917 2543 Recta]
927 2481 993 2530 Vide
1004 2479 1142 2542 ‘Regillia'
1153 2483 1214 2530 Aut.
1223 2481 1288 2542 Aug.

194 2551 238 2604 slrs
249 2553 340 2604 Accii:
356 2553 492 2604 ‘Tendens
509 2564 589 2604 nervo
604 2555 670 2604 Tela
683 2571 723 2605 re·
793 2557 888 2620 Recta]
906 2555 971 2604 Vide
983 2555 1120 2618 ‘Regillis'
1144 2554 1242 2606 Plinius
1253 2556 1287 2604 de

195 2631 299 2694 ciproca
310 2629 414 2680 condita
425 2629 535 2694 equino!
561 2630 627 2680 Sunt
635 2639 721 2682 eutem
759 2629 823 2680 Cain
835 2631 958 2680 Corellia:
976 2630 1030 2680 ‘Es
1040 2630 1122 2693 prln'ss
1138 2633 1221 2680 texuit
1232 2645 1289 2681 rec·

194 2721 228 2756 es
250 2707 397 2756 Philoctete
414 2705 490 2765 Attii,
507 2713 612 2757 anctore
631 2706 720 2758 Servio
760 2713 811 2755 tam
824 2707 951 2756 tunicam:
969 2707 1058 2771 quales
1069 2721 1126 2756 curu
1144 2712 1205 2769 toga
1224 2721 1287 2769 pora

193 2783 219 2832 in
230 2779 391 2845 fragmentis.
406 2782 460 2830 dos.
471 2781 534 2831 Saul.
757 2781 909 2843 induuntur,
923 2795 1046 2845 novaque
1064 2781 1171 2844 nupta!
1205 2781 1286 2832 Recta

225 2857 391 2920 Reeiprssnre]
408 2857 548 2920 Remocms,
560 2859 655 2908 inserts
666 2861 717 2924 syl·
759 2857 846 2906 tunica
857 2856 1015 2906 describitur
1031 2857 1056 2904 lo
1073 2855 1230 2920 Evsnpelios
1246 2873 1285 2917 χι-

193 2933 250 2984 lsbs
261 2935 292 2988 ei,
308 2934 503 2996 reciprocamus
522 2935 658 2998 ‘ineiregs’
670 2950 717 2999 pro
756 2931 805 2980 τὸν
815 2929 917 2994 dedoces
935 2932 962 2980 le
979 2933 1027 2981 eris
1043 2930 1130 2981 botes
1145 2931 1247 2996 ὑφαντὸς
1257 2933 1284 2980 δι’

192 3009 312 3074 ‘tarega'
329 3010 442 3071 Prnoore,
453 3023 568 3072 poscere.
585 3011 662 3062 Vasr.
672 3012 716 3061 lib.
757 3005 821 3056 idon.
856 3008 943 3058 Grani
967 3007 1109 3071 scriptores
1133 3007 1285 3072 ὀρθοστάδων

192 3099 232 3136 vr.
250 3084 284 3134 de
301 3085 330 3134 L.
347 3085 377 3134 L.
403 3084 567 3148 ‘Reciprocs
588 3093 637 3148 est,
659 3101 717 3136 cusu
756 3087 846 3146 χιτῶνα
857 3093 958 3134 vocent
973 3084 1101 3134 soced.

192 3159 329 3225 undeqnid
342 3157 497 3222 profectum,
506 3159 573 3208 redit
584 3173 623 3210 eo.
640 3161 717 3214 Quod
790 3158 885 3220 meta]
903 3161 1087 3210 Dimlnntivnur
1108 3161 1225 3223 Regium
1243 3161 1282 3212 his

192 3236 225 3286 ab
236 3236 354 3298 recipere
373 3235 544 3299 Reciprocsre
561 3233 660 3296 ficturo,
672 3245 717 3288 aut
757 3233 855 3284 indutie
868 3235 991 3298 virgines,
1003 3235 1051 3284 illis
1063 3235 1110 3284 riri
1123 3236 1207 3299 pridie
1218 3251 1282 3301 nup-

192 3311 260 3378 qnod
273 3325 379 3374 poscere
390 3325 496 3374 procare
507 3311 621 3361 dicturo!
637 3313 700 3363 Dec.
757 3310 849 3358 darum
870 3310 939 3359 diem
958 3311 1072 3361 cubitum
1101 3311 1175 3362 ibsnt
1190 3314 1281 3362 ominis

222 3388 394 3437 spumosa
412 3387 528 3450 Acrato]
546 3387 619 3450 Lege
638 3397 667 3437 ut
689 3390 714 3438 ln
756 3400 842 3436 musa.
875 3385 944 3435 Vide
959 3387 984 3436 in
1001 3387 1142 3450 ‘Regillis'
1157 3389 1200 3438 De
1219 3391 1281 3438 Rec-

189 3465 260 3516 Edit.
276 3463 342 3526 quusi
360 3463 499 3512 Tollesooel
517 3462 596 3511 Ps'lrssr
607 3463 717 3513 Groecum
756 3462 789 3511 ts's
801 3462 869 3512 Plin.
896 3461 1054 3527 ‘Eaprima'
1074 3463 1281 3526 (misericodia)

188 3542 316 3606 reciprocas
324 3541 395 3602 pisso
405 3539 461 3586 oio:
478 3538 503 3586 id
522 3545 569 3599 est,
578 3551 620 3587 ees
637 3545 664 3587 et
675 3553 714 3587 re·
756 3538 856 3586 ‘texuit
867 3544 964 3588 rectum
976 3538 1104 3587 tunicum:
1123 3539 1210 3602 quales
1221 3554 1279 3588 com

190 3619 253 3668 deas
265 3618 302 3666 its
313 3623 340 3664 nt
349 3615 446 3664 rolleno
456 3622 499 3662 aut
507 3613 585 3676 pilum
593 3614 715 3672 Grncnnr
755 3619 816 3677 toga
826 3627 890 3677 pura
909 3614 1058 3676 induuntur,
1076 3628 1200 3679 novaeque
1216 3629 1279 3678 nup-

189 3693 310 3744 vldesrls.
343 3690 536 3754 ldqneoptinre
551 3690 620 3740 Fert.
637 3690 714 3739 inter·
755 3688 807 3739 trel
838 3689 1106 3754 Rectsesutemquod
1123 3689 1278 3739 astantibus

187 3777 305 3836 pretatur
316 3773 438 3822 ‘srrrsusu¹
450 3764 534 3828 deque
541 3765 644 3828 gremiis
655 3765 713 3816 sub·
753 3765 814 3814 etin
822 3765 983 3814 altitudinem
991 3771 1121 3828 texsntur,
1131 3771 1158 3813 ut
1168 3764 1205 3812 sit
1217 3765 1279 3812 Fes-

181 3849 294 3911 jectsre,
304 3840 444 3905 adfligere!
461 3841 643 3892 lte-tollenone
655 3841 714 3892 side
754 3846 813 3889 tus:
834 3839 958 3896 isidorus,
979 3839 1047 3904 qnod
1065 3851 1164 3888 sursum
1175 3852 1277 3888 versum

187 3937 234 3976 suo
250 3922 316 3970 loco.
349 3919 436 3968 Pilum
455 3918 578 3968 Graecum
600 3918 712 3982 ligneum
753 3921 891 3967 texantur:
909 3923 1092 3965 nanr‘sursnrn
1109 3920 1279 3972 versurutex·

185 4005 254 4058 erat,
262 3996 329 4061 qrrod
341 3996 367 4044 in
375 3993 478 4044 modum
487 3994 621 4043 tollenonls
631 3994 713 4043 altera
752 3995 815 4057 ere,¹
824 4001 851 4042 et
863 3995 870 4021 ‘
881 3994 907 4041 ln
919 3991 1082 4044 altitudinem
1094 3987 1193 4038 texere'
1209 3988 1277 4040 idem

184 4079 260 4136 psrte
268 4070 418 4134 depressum
426 4067 604 4130 attollebatur,
616 4077 642 4117 er
653 4083 712 4117 mox
752 4077 801 4125 est,
818 4069 904 4119 Greci
923 4068 1014 4117 dicunt
1034 4065 1081 4115 tvo
1101 4063 1210 4127 ὑφαίνειν.
1242 4066 1277 4116 Et

185 4148 325 4198 demissum
337 4142 530 4208 deprimebatur
541 4151 569 4193 et
583 4143 711 4206 subjectns
752 4145 808 4194 hac
830 4151 903 4194 vetus
925 4140 976 4192 fult
997 4147 1108 4191 textura
1140 4140 1206 4190 rnrio
1227 4156 1277 4205 qus

185 4223 272 4290 fruges
286 4223 412 4290 pinsebst.
429 4220 557 4272 Hesiodus
571 4227 646 4274 vocat
658 4219 712 4271 dss-
752 4225 852 4272 stsntes
864 4218 997 4281 luebunt,
1014 4225 1041 4267 et
1057 4216 1175 4268 omnibus
1194 4216 1277 4282 gentl-
