3208 4938
397 247 435 344 t,

318 423 367 471 ΒΕ
392 420 600 480 ,VBRBORUM
625 419 936 472 stun'luluaurottu
963 424 1035 472 Llll.
1058 424 1139 473 xvi.
1224 411 1289 477 787

238 565 310 642 bat,
331 583 391 626 narr
408 562 565 646 pupulus:
588 561 625 626 de
645 580 774 648 quorum
785 564 876 650 jure,
898 565 983 652 quod
1001 567 1154 633 Rutilius
1176 567 1290 634 Rulus

238 666 340 748 legem
354 663 480 742 tulerat,
493 685 554 750 qua
569 665 610 728 eia
626 663 795 740 canebatur
806 664 910 733 multia
919 665 1029 746 modis,
1040 666 1108 752 (sic
1124 670 1212 734 enim
1222 671 1291 736 elc-

241 775 396 832 vacuant
405 787 510 829 curum
519 766 585 850 jue,
598 787 635 830 uc
651 775 723 831 tunc
738 766 919 846 elauabant,
935 769 992 852 qui
1007 770 1122 854 populi
1138 769 1290 855 suffragiu

238 864 455 950 creabuntur)
468 865 572 953 rufuli
585 889 606 930 a
619 871 817 952 cognomina
832 869 951 948 Rutili,
967 889 1004 934 uc
1014 880 1086 954 pout
1099 867 1219 934 Rutilii
1234 893 1291 955 ap·

236 967 350 1053 pellaei
365 977 449 1031 aunt.
1072 993 1081 1010 ·
1342 1031 1348 1040 ,

197 1069 316 1136 Rutuli
332 1068 587 1152 appellabantur
601 1069 742 1134 Tribuni
764 1069 903 1134 militum
926 1089 947 1134 a
969 1069 1115 1136 Consule
1151 1072 1288 1154 [Paua.

241 1172 335 1248 lacti,
353 1190 418 1235 uun
434 1171 610 1255 apopula,
625 1169 668 1234 du
681 1190 820 1255 quorum
839 1171 918 1256 jure
934 1173 1026 1255 quud
1051 1169 1206 1238 Rutilius
1219 1173 1291 1238 Ru·

238 1273 295 1338 fus
308 1273 415 1352 legem
428 1272 560 1349 tulerat,
582 1271 712 1350 Rutuli,
725 1291 766 1336 ac
780 1278 858 1357 poet
872 1271 987 1338 Rutuli
1001 1279 1078 1338 sunt
1092 1274 1267 1358 appellati.

199 1373 331 1438 Rumon
356 1381 412 1438 cst
433 1391 512 1457 pars
534 1371 637 1452 culli,‘
656 1393 724 1457 qua
744 1393 823 1440 asca
837 1375 1030 1439 devoratur:
1054 1373 1144 1459 undu
1161 1393 1294 1439 rumare

242 1475 430 1552 dicebatur,
444 1473 537 1558 quod
550 1493 639 1538 nunc
654 1475 829 1539 ruminare.

201 1574 324 1640 Rumon
337 1585 380 1638 est
390 1595 468 1658 pure
481 1571 552 1638 colli
565 1595 631 1659 qua
642 1593 724 1640 usca
734 1573 1011 1654 devoratur,·ttnde
1026 1595 1150 1638 runcare
1166 1575 1294 1658 [Fusu.

243 1675 383 1740 dicebant
397 1677 488 1760 quud
502 1696 591 1740 nuuc
606 1677 785 1746 ruminare.

202 1777 610 1860 numentumfabruptto.
1157 1776 1296 1860 [Pnun.

698 2004 805 2058 llO'l‘AE

204 2134 237 2184 ad
250 2147 303 2185 rem
320 2134 476 2198 militarem
496 2149 574 2186 uuum
586 2143 615 2186 at
625 2136 734 2186 Tribuni
770 2150 851 2186 maren
861 2136 953 2198 attan,
964 2141 1074 2201 tractua,
1086 2137 1135 2186 rla.
1152 2137 1228 2186 idem.

204 2209 317 2259 Militu-
329 2209 446 2260 renident
458 2211 484 2259 ln
495 2219 608 2275 quatuor
619 2212 734 2276 legiones
804 2219 817 2254 ⁸
834 2210 989 2275 mmmm]
999 2212 1068 2276 Eget
1077 2212 1231 2276 interprete.
1243 2212 1305 2261 Art.

204 2283 324 2348 apopulu
335 2291 494 2347 crearentur,
505 2299 564 2350 quae
578 2291 665 2348 antea,
676 2299 733 2348 par·
771 2288 839 2347 Aac.

144 2427 146 2430 Ι
204 2375 280 2424 quarn
293 2360 383 2424 pancia
394 2359 517 2425 uulfragiu
534 2363 624 2425 pupuli
635 2363 732 2412 relictia
806 2361 964 2424 Rementem]
982 2360 1138 2410 Rumentnm
1151 2360 1176 2409 iu
1186 2360 1303 2422 Augura-

204 2434 281 2496 iucia,
294 2435 457 2484 Dictaturam
467 2445 495 2486 et
505 2436 737 2487 &ueulamterrua
773 2435 840 2485 libus
857 2434 1003 2497 aiguiflcare
1018 2433 1101 2482 videri
1118 2435 1155 2482 alt
1171 2434 1303 2496 abruptiu-

206 2507 311 2559 t'ueraut
330 2509 472 2561 beneficia:
492 2513 576 2562 tulere
593 2525 650 2562 earu
662 2526 736 2574 auga·
774 2523 844 2570 ueur,
865 2509 926 2559 duur
948 2508 1030 2559 verba
1046 2506 1114 2558 Auel
1135 2508 1258 2571 expauit:
1282 2509 1305 2557 ai
1406 2541 1410 2548 -

207 2585 306 2634 tiuuaru
317 2585 389 2635 Trib.
398 2587 467 2649 pleb.
475 2588 504 2638 ir.
513 2586 656 2651 Atilianae.
664 2587 735 2636 Mar·
774 2585 916 2650 puaterime
933 2583 986 2634 avia
1002 2583 1113 2647 canerit,
1132 2589 1160 2634 ut
1178 2582 1307 2645 auspiciu,

207 2659 280 2712 eiua’
296 2659 606 2714 flacilluaunuuuxcrr.
622 2661 736 2712 vidend.
774 2660 882 2723 auguria
909 2665 1055 2708 rumentum
1076 2658 1119 2708 att.
1162 2658 1307 2720 Purteriate,

206 2733 303 2798 Polyb.
314 2734 359 2784 lib.
373 2749 412 2786 rr·
430 2737 490 2788 Aet.
501 2737 568 2798 Arg.
774 2735 815 2784 vel
821 2735 972 2798 perterritae,
982 2740 1022 2782 ert
1031 2741 1169 2797 postrema.
1195 2733 1305 2794 emnil,

242 2809 329 2869 Ruseli
340 2809 451 2872 Trium]
460 2811 516 2860 Lir.
526 2811 570 2860 lib.
580 2824 630 2861 vrr.
639 2817 737 2861 rectu.
774 2810 908 2860 cecinerit.
924 2809 1010 2859 Etiam
1020 2807 1158 2858 Sallustius
1167 2807 1233 2856 dixit
1244 2807 1304 2856 ‘ca-

209 2883 404 2934 ‘Curueuaunu
416 2886 738 2948 placuiuattribauurrui-
776 2883 863 2934 nuere’
882 2897 930 2948 pru
952 2883 1107 2933 ‘cecinere’
1149 2883 1305 2945 Suapecturn

209 2958 284 3008 litum
294 2957 326 3008 ad
338 2959 454 3022 legiuuee
465 2957 587 3024 auffragiu
600 2960 669 3022 fleri,
681 2974 738 3010 uaur
776 2965 817 3008 ert
827 2973 920 3009 numen
932 2957 1018 3008 Anci:
1032 2964 1059 3007 et
1070 2957 1157 3022 petiua
1169 2957 1206 3006 ita
1217 2963 1306 3020 putent

209 3039 238 3082 et
249 3039 326 3082 autea
337 3033 405 3092 aicut
416 3047 566 3098 unuc,quua
575 3032 684 3084 Rutulae
696 3048 739 3082 ru·
775 3033 915 3097 legendum
927 3047 934 3081 ι
955 3033 1099 3082 Rementem
1108 3031 1135 3079 ia
1146 3030 1308 3092 Australibus

211 3107 468 3170 caut,1mperaturea
484 3107 739 3172 ipelfaciebaut,re·
776 3108 912 3174 aigat'jium
935 3108 1030 3157 uidetur
1050 3107 1225 3167 abreptionem:
1242 3104 1308 3152 Dara

211 3181 322 3232 cundum
334 3185 360 3230 in
371 3195 418 3230 aex
427 3183 491 3232 lucia
502 3182 601 3232 teunit'
613 3185 648 3233 Et
659 3183 741 3234 Aecu-
777 3185 886 3234 uerberat
896 3183 1042 3232 Aeculanum
1056 3179 1163 3236 crimea,
1179 3179 1231 3228 unia
1240 3193 1309 3228 cune-

211 3260 268 3308 niua
289 3258 400 3308 Pedian.
423 3257 449 3305 iu
469 3255 579 3306 divinat.
595 3257 741 3307 ‘Tribunu-
778 3260 812 3308 rit
824 3255 1239 3318 intereaideuuupuriurruneatara
1250 3259 1309 3304 eata.

211 3349 269 3384 rum
279 3333 428 3382 militarium
440 3333 490 3382 duu
502 3339 676 3396 auutgenera,
689 3332 742 3394 pri·
779 3333 816 3382 Et
837 3340 928 3396 aparte
946 3331 973 3380 id
995 3345 1029 3380 ax
1051 3329 1122 3380 libria
1143 3329 1309 3392 auguralibna

212 3421 283 3458 maru
304 3421 392 3456 curam
413 3407 458 3471 qai
478 3406 568 3456 Rutuli
594 3405 741 3455 dicautur:
780 3411 946 3458 carmeuert.
978 3404 1097 3460 AErinea,
1113 3409 1153 3452 eat
1171 3409 1309 3459 nantau-

213 3481 240 3529 bi
250 3480 276 3528 iu
286 3481 402 3530 exercitu
414 3480 499 3530 creari
509 3481 611 3541 auleut3
627 3479 670 3530 alii
683 3485 744 3529 runt
781 3495 828 3544 pra
839 3479 1004 3544 cognorimua
1014 3491 1046 3527 ex
1055 3477 1122 3526 libra
1130 3489 1175 3525 ιιι.
1208 3475 1310 3524 Murena

213 3555 350 3617 cuuritlati,
367 3556 412 3618 qui
427 3557 516 3606 Rama
532 3555 645 3606 comitile
658 3554 744 3618 derig-
781 3557 849 3606 bunc
861 3568 914 3604 era
924 3554 952 3602 iu
963 3551 1103 3602 Saliarlbna
1114 3548 1246 3614 quatiendi
1255 3555 1312 3596 tan·

214 3630 326 3683 uantur?
342 3632 405 3681 Duc.
783 3629 861 3692 gebat
878 3626 1001 3690 Nigidius
1017 3625 1085 3674 libro
1100 3636 1183 3672 xvrrr.
1200 3621 1310 3684 ‘itaque

203 3735 205 3738 ·
246 3706 408 3758 ‘Runmu
417 3705 550 3770 peracutis]
564 3703 744 3756 nunnitu-
782 3717 816 3752 οι
838 3715 891 3752 are
907 3701 933 3749 iu
949 3698 1092 3750 Saliaribua
1110 3695 1222 3746 Attauua
1240 3695 1312 3744 tinti·

213 3795 274 3832 rnen
286 3783 430 3846 proximum
449 3782 590 3834 curculiuut
608 3795 659 3844 quc
670 3780 745 3830 cibrrr
783 3777 844 3828 nat.¹
863 3778 916 3825 Jur-
927 3775 990 3826 Saul·

215 3856 500 3920 etputuaderuretur.’
534 3857 568 3908 Et
584 3856 657 3906 Serv.
670 3855 703 3904 ad
714 3855 742 3903 tt·
818 3851 973 3914 Rementem]
992 3846 1313 3912 Arumpe,alvarapu,nu

214 3933 261 3982 lud
281 3933 372 3996 Eclug.
394 3946 434 3982 vr·
451 3932 605 3982 ‘Pallantea
631 3929 744 3980 ruminat
783 3927 1112 3994 purapmnnpumtam,
1120 3927 1260 3970 mentm
1277 3921 1314 3970 Ut

214 4009 327 4060 barbae!
360 4007 540 4069 ‘Rumiuatiu,’
551 4007 645 4072 iuqutt,
656 4005 743 4056 ‘dicta
785 4019 801 4052 a
812 4000 937 4058 ‘marea’
956 3998 1058 4062 ‘mart’
1072 3995 1234 4058 ‘munimen'
1244 3995 1252 4022 ‘
1262 4009 1315 4044 mu·

215 4093 257 4134 eat
273 4099 289 4134 a
307 4099 381 4134 turne
397 4085 526 4134 eminente
538 4083 650 4148 gutturis
661 4086 744 4144 parte,
784 4075 943 4142 vineatum:
961 4069 1150 4124 ‘munientuun’
1183 4069 1247 4131 lata,
1258 4071 1314 4122 dura

215 4173 263 4224 per
273 4174 349 4225 quam
361 4159 486 4209 deuterus
503 4159 576 4209 etuas
587 4171 604 4212 a
614 4155 744 4206 tertiare·
784 4151 854 4204 verbu
872 4151 1005 4212 tutata,
1016 4161 1049 4198 ea
1060 4145 1226 4210 auguratibrn
1242 4145 1314 4196 libri·

218 4231 505 4285 vocatarmtnutbun’
538 4231 617 4282 Remu
625 4236 711 4282 autem
719 4234 746 4281 et
786 4227 911 4283 deeuurta.
947 4227 1019 4278 Dum
1030 4221 1317 4300 merebanturaueitiu,
