3180 4920
295 350 360 418 728
627 364 738 414 snxrr
764 363 918 414 rournrr
945 364 1051 414 resur

298 509 416 576 Rectus
431 507 643 592 appellantur
657 509 860 574 vestimentu
874 509 998 588 virilia,
1012 527 1089 593 quse
1106 527 1129 574 u
1142 513 1244 574 stau-1
1253 507 1391 594 [Peon.

342 612 442 689 tibus,
454 617 486 676 et
500 613 535 674 in
550 611 757 676 altitudinem
771 619 942 676 texuntur.

300 713 408 778 Recto
421 710 553 778 frontoh
579 720 712 778 ceteros
728 713 823 796 sequi
838 714 868 776 si
883 713 979 778 norit.
1024 710 1111 776 cato
1127 710 1161 776 in
1174 709 1246 776 dis·
1267 709 1395 793 [Fusr.

340 816 516 880 sarlatione
551 814 760 880 consulatus.
794 817 951 898 autiquae·
972 813 1227 880 consuetudinis
1255 811 1329 890 init,
1358 817 1396 876 ut

341 936 418 980 curn
440 919 488 980 uit
510 917 637 981 Ennius
651 937 798 1000 quoque,
821 938 842 982 u
864 919 967 1002 stirpe
989 935 1168 1000 supremos
1190 920 1224 978 et
1245 913 1314 978 Ilia
1337 912 1396 976 diu

340 1037 463 1101 nepos:
485 1023 519 1082 et
532 1021 632 1101 lupus
644 1019 728 1084 soeta
739 1015 780 1084 :⁸i
801 1026 834 1086 et
847 1020 940 1085 nullu
953 1027 1065 1084 metus
1076 1013 1100 1082 :¹¹
1120 1024 1154 1082 et
1169 1017 1242 1101 jorn
1256 1015 1291 1080 in
1305 1033 1396 1080 conr·

341 1121 511 1186 meritoriis
525 1141 695 1186 sacrorum
711 1121 952 1205 pontificalium
968 1122 1154 1204 frequenter
1169 1117 1290 1184 esitio
1306 1117 1395 1194 ovis,

341 1231 376 1288 et
389 1224 463 1290 lraec
478 1245 596 1306 ugnus,
612 1245 651 1290 uc
672 1244 809 1307 perone,
825 1244 902 1308 qnae
918 1245 984 1288 non
1008 1230 1045 1288 ut
1058 1223 1153 1302 vitiu,
1175 1221 1234 1286 sed
1248 1225 1288 1284 ut
1309 1218 1395 1284 unti-

342 1345 442 1409 qnem
457 1327 728 1391 consuetudinem
743 1327 902 1391 testantia
916 1327 1076 1392 debemus
1092 1324 1256 1408 accipere.

300 1425 530 1492 Bedentruure
544 1425 579 1478 ⁹¹
613 1426 733 1492 dicitur
755 1427 788 1490 in
817 1427 984 1492 Saliorum
1012 1425 1289 1502 exultationibus,
1319 1441 1395 1488 cunr

332 1757 348 1802 8
364 1750 417 1802 Atti
427 1752 673 1816 legrrntseusisu-tt
691 1754 752 1804 Vst.
762 1752 808 1802 lib.
820 1753 1019 1818 liedurupiruore.

795 1916 901 1967 NOTAE

302 2029 350 2079 bus
359 2026 464 2085 usitate,
473 2035 644 2094 preterquam
655 2030 833 2094 AEgyprttrqut
873 2031 928 2079 ulie
946 2037 1019 2081 tenet
1032 2031 1115 2081 terreri
1125 2030 1224 2080 virtute
1234 2028 1370 2093 quiescunt
1382 2027 1399 2076 ε’

302 2107 423 2157 deorsum
436 2121 535 2156 uersum
548 2109 681 2158 texebant.
706 2107 831 2161 Herodot.
872 2114 899 2155 et
910 2107 988 2156 alibi:
1006 2114 1013 2136 ⁴
1023 2107 1126 2169 Virum,
1136 2119 1169 2155 ιη
1180 2105 1282 2161 moriar.
1293 2103 1363 2153 uuile
1373 2103 1401 2152 in

301 2181 395 2231 lib.1r.
420 2179 556 2243 ὑφαίνουσιν
572 2183 595 2231 ot
621 2182 666 2242 pis
688 2182 767 2244 ωσι,
785 2181 832 2230 ἀνω
872 2181 1077 2231 meestruetus!
1109 2181 1220 2234 Quintil.
1238 2180 1283 2230 tib.
1301 2193 1321 2228 r.
1341 2193 1402 2242 cup.

301 2257 347 2317 ris
356 2256 441 2320 κρόκην
450 2256 569 2320 menes,
586 2257 710 2319 Αἰγύπτιοι
720 2256 745 2306 ti
757 2255 832 2317 edre,
872 2259 912 2304 lt.
945 2256 1115 2320 ‘Orrauqnsrn
1127 2256 1211 2305 Verre
1227 2256 1254 2306 iu
1271 2269 1304 2303 eo
1323 2253 1403 2317 libre,

296 2333 329 2402 ju
343 2341 402 2384 ests
427 2336 546 2384 ‘'l'errrut
561 2336 663 2398 quidem
680 2347 767 2382 omues
787 2333 830 2382 ulii
872 2345 924 2393 quo
935 2331 1009 2382 iuitin
1020 2331 1146 2381 Rornsuae
1157 2331 1229 2380 urbis
1238 2337 1352 2390 onsrret,
1362 2331 1403 2379 ln·

304 2425 400 2459 sursum
413 2403 511 2472 versrrs,
523 2418 550 2460 ct
562 2412 586 2458 iu
601 2410 766 2460 altitudinem
778 2417 829 2459 trs·
871 2421 934 2470 puin
951 2406 1080 2458 feminum
1093 2407 1165 2464 dicit.
1182 2407 1303 2468 Ennium,
1314 2407 1403 2456 Picto·

296 2487 526 2536 ruomtrudeutes.
560 2484 830 2549 AEgyptiiuerodeor-
871 2497 976 2548 reusque
989 2485 1097 2534 Fabium
1109 2483 1233 2534 secutus!
1260 2484 1402 2534 Videents

302 2577 356 2612 suut
379 2563 485 2613 rersru!
519 2561 597 2626 Apud
616 2570 718 2612 ceteras
739 2569 831 2625 gentes
871 2558 1068 2620 ‘stiricidiuuu’
1090 2567 1118 2609 et
1134 2559 1272 2622 ‘Specus‚'
1284 2567 1312 2610 et
1328 2558 1404 2624 ‘Spi-

303 2653 361 2689 cum
378 2646 463 2688 tranis
478 2641 519 2688 vel
537 2639 580 2688 tile
603 2637 670 2688 inire
691 2646 787 2694 essent.
805 2639 830 2689 iu
871 2633 946 2696 curu,’
957 2643 1001 2684 et‘
1012 2633 1118 2684 Metus.’
1135 2635 1272 2698 Amsg.

303 2715 478 2778 superioribus
490 2715 629 2765 texebatur
642 2715 832 2777 vestimentum,
902 2709 1079 2775 Rectosrusrte]
1091 2711 1196 2761 Generi
1206 2711 1338 2760 nouriuuur
1347 2711 1404 2774 pie·

301 2795 331 2840 'et
342 2791 379 2838 sic
392 2796 473 2840 treme
484 2805 585 2853 semper
597 2790 701 2853 pectine
712 2789 744 2839 ud
755 2805 831 2853 supe·
871 2801 952 2851 reque
963 2787 1167 2852 ereutembigue
1177 2793 1207 2836 et
1217 2787 1343 2851 dupiicia.
1358 2789 1404 2839 Sic

304 2867 398 2914 rioreru
420 2873 520 2928 perteus
538 2865 682 2914 ducebatur
696 2873 724 2914 et
742 2865 830 2914 trude·
870 2864 1010 2914 Veteribus
1031 2873 1142 2929 utroque
1166 2877 1261 2929 genere
1283 2866 1404 2916 enuntie-

303 2941 388 2995 betur,
400 2947 476 3004 utque
486 2940 512 2988 id
524 2955 622 2988 sursum
629 2955 719 2990 verens
730 2948 831 3004 texere,
871 2939 964 2989 buntur
975 2943 983 2968 ‘
995 2939 1083 3001 Deus,’
1095 2939 1200 3002 ‘trous,'
1209 2941 1218 2970 ‘
1228 2939 1325 3002 stirps,'
1334 2947 1341 2968 ⁴
1351 2955 1404 2990 rue·

304 3017 345 3066 rel
366 3017 392 3065 iu
414 3016 586 3078 altitudinem,
596 3017 733 3066 vocabunt.
766 3017 832 3066 Cou-
872 3015 933 3077 tur,'
944 3017 951 3044 ⁸
961 3017 1061 3079 eguus,'
1070 3019 1077 3046 ⁸
1087 3015 1179 3082 lupus:
1193 3015 1321 3081 ‘porcnr,’
1331 3018 1339 3046 ‘
1348 3031 1401 3066 eur·

305 3094 386 3142 trerio
396 3092 470 3142 urodo
481 3091 605 3156 Effluit,
616 3093 833 3156 exsuperioribus
873 3091 928 3153 uis,’
938 3094 946 3120 ⁴
956 3092 1045 3154 alvus,’
1055 3095 1103 3142 &u
1121 3093 1187 3143 Duc.

305 3169 349 3218 ubi
367 3177 443 3218 erent
457 3169 510 3231 filu,
528 3171 569 3219 uel
585 3169 653 3226 licie,
665 3169 697 3218 ed
710 3168 834 3220 iuferiora
904 3167 911 3200 ¹
928 3167 1090 3232 Lupnsoetu}
1104 3169 1175 3232 Lego
1187 3174 1218 3218 ut
1228 3169 1262 3218 ei.
1274 3169 1345 3231 iupus
1353 3169 1403 3229 ser·

304 3244 491 3308 procedebant,
510 3245 554 3294 utri
582 3245 763 3295 vestimentum
790 3247 831 3294 vel
867 3245 940 3294 udro-
956 3243 1405 3309 ‘Eudotueturibilupusloemiou'

306 3323 428 3386 reteque
445 3321 583 3371 texebatur
602 3323 695 3372 iuerat.
727 3323 779 3373 Sed
799 3323 833 3372 de
872 3321 949 3372 idom.

303 3405 362 3446 erte
373 3399 485 3447 textoris
497 3397 555 3446 vido
566 3397 717 3447 Doctissirui
735 3399 833 3447 Selius·
904 3395 916 3430 ¹
929 3397 1100 3463 Netinorum]
1118 3396 1187 3446 Vide
1200 3396 1226 3444 iu
1236 3396 1354 3446 ‘metue'
1366 3398 1407 3448 id.

306 3473 338 3522 eii
349 3473 440 3523 librum
451 3473 520 3523 dere
532 3474 662 3536 vestieris,
674 3482 701 3523 et
713 3473 768 3538 ejus
791 3489 836 3524 uu·
904 3471 911 3505 ¹
928 3473 1106 3537 Reduutnrere]
1130 3472 1242 3521 henrii
1262 3485 1352 3522 sersus
1371 3487 1405 3521 ex

306 3550 390 3601 tssed
402 3550 551 3613 Vopiscum.
586 3549 653 3598 Nsur
670 3550 709 3598 itu
719 3563 772 3598 reru
784 3565 838 3598 um·
875 3552 961 3602 Nouio
977 3560 1045 3614 suut,
1061 3565 1095 3600 ex
1112 3551 1201 3601 tebuie
1217 3551 1327 3615 chryse.
1342 3551 1406 3602 Ast.

307 3641 366 3676 uem
378 3625 503 3689 explicuit
515 3625 611 3674 utuilril
623 3637 700 3688 supro
709 3623 770 3674 eddi
779 3639 838 3688 poe·
875 3627 942 3688 Aug.

307 3703 348 3750 sit.
360 3703 422 3751 Duc.
913 3704 1086 3767 sensuum]
1104 3702 1194 3768 Lege:
1217 3703 1407 3766 mammem

338 3777 349 3810 l
368 3778 442 3826 Recto
448 3775 542 3838 sroute]
562 3777 638 3825 liuuii
656 3789 746 3825 versus
757 3789 772 3824 e
785 3775 837 3825 Nu·
877 3780 973 3834 dicitur,
984 3781 1009 3828 iu
1021 3779 1142 3828 Solum
1151 3779 1408 3835 &diutissimum

306 3856 350 3904 uio
373 3853 519 3903 reseruntur
532 3853 571 3900 sic
590 3853 662 3901 lib-r.
680 3852 764 3901 ‘inde
783 3859 837 3902 tue·
876 3853 1127 3918 mewlousptruuuit,
1138 3855 1199 3922 quod
1215 3858 1260 3910 eet.
1270 3858 1347 3902 nme
1357 3851 1408 3903 odie

308 3939 353 3981 tur
366 3931 401 3980 ibi
419 3933 493 3993 iupus
512 3927 618 3978 incurius
637 3928 766 3990 conspicit
786 3943 839 3976 em·
877 3929 923 3987 dit,
934 3935 957 3979 et
974 3929 1110 3989 resumtis·
1122 3929 1224 3978 uuum
1239 3929 1312 3978 iidesr
1322 3932 1407 3978 utu.

308 4006 390 4055 uetsr’
407 4013 434 4054 et
448 4005 492 4056 tib.
506 4017 532 4054 v.
567 4001 696 4052 ‘Nomine
712 4003 838 4066 Pyrrhus,
878 4003 1010 4054 Lucidius.-
1027 4005 1368 4068 Proeuiutsmpm,inde
1382 4011 1408 4054 st

309 4083 348 4132 uti
364 4087 516 4142 memorent,
529 4095 544 4129 e
555 4081 637 4143 stirpe
649 4079 793 4143 supremor'
811 4087 839 4130 et
878 4079 956 4142 uclgs’
973 4081 1135 4144 resumpturi
1150 4079 1200 4129 siti.
1231 4079 1408 4130 Posuisse...

309 4156 794 4221 incertoiibrur‘liiedisuepos,quer
806 4171 839 4206 a·
876 4159 1035 4221 promemus
1048 4157 1137 4219 grstia
1154 4155 1232 4207 dim
1248 4171 1302 4206 urus
1314 4155 1409 4205 sideest

309 4233 564 4284 rumusstetulistir’
580 4233 661 4283 item:
686 4233 737 4284 ‘Ni
755 4239 839 4284 metus
882 4233 970 4284 Graios
994 4233 1056 4286 situ
1078 4231 1227 4286 munitor
1247 4233 1407 4296 serapim
