3190 4940
303 407 367 471 908
634 421 749 470 ssx‘rr
776 419 931 468 ronrnrr
956 419 1059 468 rnsrr

304 566 480 647 Stroppus,
496 561 586 644 quod
601 561 720 627 Graeco
735 563 856 629 dicitnr
870 560 1009 646 στρόφιον,
1023 580 1086 644 pro
1109 561 1230 644 insigni
1251 561 1390 645 [Pnun.

347 665 530 748 ponebatur
544 665 577 726 in
591 664 760 747 capitibus
775 664 1003 728 sacerdotum:
1019 663 1077 727 alii
1091 662 1126 726 id
1142 683 1297 728 coronam
1314 683 1390 728 osso

311 817 313 824 Α
347 769 511 831 dixerunt.

303 869 458 932 StruaroP
472 865 599 947 antiqui
610 863 834 947 dicebantpro
850 884 983 946 augore,
998 864 1086 928 undo
1098 866 1296 930 instruere.²⁰

303 969 439 1032 Strnore
455 967 583 1049 antiqui
595 966 749 1031 dicebant
763 987 823 1050 pro
835 967 989 1052 adjicere,
1001 975 1145 1048 angera,‘³
1156 968 1242 1031 unda
1264 967 1390 1050 [Fnsr.

345 1069 547 1134 industriosr
572 1088 716 1152 quoque.
739 1069 788 1132 Μ.
803 1068 907 1133 Cato:
930 1069 1019 1152 juro,
1033 1069 1119 1150 loge,
1140 1069 1306 1146 libertate,
1322 1069 1392 1133 Ro-

308 1212 311 1220 ·
345 1171 478 1254 publica
505 1172 720 1233 communiter
749 1171 797 1235 uti
822 1179 973 1254 oportet:
1006 1173 1121 1253 gloria,
1145 1177 1244 1255 atqua
1266 1173 1390 1236 bonore

347 1271 515 1352 quomodo
528 1273 591 1335 sibi
606 1273 749 1355 quisquo
766 1275 912 1339 struxit:
935 1283 995 1338 aut
1008 1279 1017 1308 ¹
1033 1275 1066 1336 in
1081 1273 1277 1338 duodecim:
1300 1272 1392 1356 quod

347 1379 422 1450 est:
454 1373 492 1435 Si
514 1373 667 1452 caluitur,
694 1375 854 1458 pedemve
886 1379 1002 1440 struit:
1025 1395 1157 1440 manum
1181 1375 1390 1458 endojacito:

348 1475 404 1537 alii
421 1481 535 1556 putant
550 1475 737 1556 significare
761 1485 923 1544 retrorsus
937 1479 997 1556 ire,
1014 1479 1073 1542 alii
1088 1479 1122 1542 in
1138 1477 1238 1542 aliam
1252 1485 1392 1559 partem,

323 1628 325 1634 .
345 1575 403 1638 dii
416 1575 524 1640 surore
536 1583 558 1636 :²
579 1578 638 1640 alii
663 1577 801 1657 gradum
829 1597 965 1661 augore3
989 1579 1047 1644 ulii
1073 1580 1243 1657 minuare3
1266 1597 1306 1641 ac
1332 1577 1391 1639 vix

347 1677 464 1757 podem
480 1677 558 1758 padi
574 1677 733 1758 praefert,⁸
749 1679 858 1744 otioso
873 1681 909 1756 it,
925 1686 1119 1744 remoratur.

302 1777 420 1840 Strues
435 1797 558 1858 genera
572 1778 734 1841 liborum¹¹
749 1787 835 1855 sunt,
851 1780 1026 1861 digitorum
1051 1781 1299 1864 conjunctorum
1323 1797 1391 1840 non

344 1877 531 1956 dissimilia,
547 1880 605 1962 qui
622 1879 810 1963 superjecta
825 1881 983 1964 panicula
995 1881 1029 1943 in
1051 1886 1273 1945 transversum
1288 1879 1393 1943 conti·

344 1985 471 2042 nentur.

303 2080 557 2144 Strufertarios³
575 2080 744 2154 dicebant,
760 2081 818 2164 qui
834 2083 990 2162 quaedam
1003 2080 1170 2146 sacrificia
1184 2080 1227 2144 ad
1254 2079 1391 2162 [Pron.

331 2182 482 2254 arbores
506 2181 682 2262 fulguritas
696 2183 875 2259 iaciebant,
890 2204 910 2248 a
924 2183 1008 2248 serto
1023 2183 1152 2248 scilicet
1166 2182 1310 2265 quodam
1335 2201 1391 2246 sa·

345 2281 460 2346 orificii
474 2301 604 2364 genero.

308 2379 554 2467 Strnserturios²
583 2382 782 2468 appellabant
808 2385 945 2470 antiqui,
969 2395 1004 2449 ut
1027 2384 1084 2464 ait,
1099 2385 1245 2449 homines
1268 2383 1393 2467 [Fnsr.

757 2580 904 2601 ΙΙΙΙΙΙΙ
905 2582 935 2602 u

332 2727 364 2772 2⁰
380 2723 439 2774 vet.
450 2723 495 2772 lib.
507 2725 678 2774 industria-t
699 2724 756 2774 Viri
768 2725 836 2776 docti
846 2732 882 2783 ot.
900 2726 968 2790 quod
987 2735 1014 2778 et
1034 2727 1169 2790 legendnm
1188 2735 1275 2778 monet
1293 2711 1393 2778 nse?—

299 2791 315 2834 2
333 2787 393 2834 Ver.
405 2789 531 2845 codfnrs.
564 2790 609 2837 Vir
620 2789 690 2840 doct.
702 2791 726 2838 tn
738 2803 819 2853 marg.
837 2791 878 2842 sd.
898 2793 967 2842 Scsl.
986 2793 1094 2856 conjicit
1110 2794 1257 2854 sagara-tt
1275 2795 1334 2843 Vot.
1345 2793 1393 2844 lib.

302 2851 489 2910 Struisertorios.

795 3001 901 3052 NOTAE

299 3125 433 3186 imponatur
454 3123 569 3186 Castoris,
590 3125 642 3188 lfa]
661 3125 722 3176 Non
744 3131 825 3179 solnm
863 3129 958 3194 aliquid
982 3131 1101 3180 omissum
1130 3131 1241 3182 oldetnr.
1282 3132 1395 3196 Forsan,

301 3199 414 3247 Castoris
441 3199 485 3247 sed
513 3209 540 3248 at
567 3202 676 3250 aliorum
700 3205 826 3255 Deorum.
862 3206 900 3254 Ac
920 3206 963 3254 sis
985 3209 1067 3270 pedem
1086 3208 1142 3270 pedi
1159 3208 1290 3270 preferre,-
1308 3211 1392 3269 pedm

299 3275 366 3322 Vide
378 3272 464 3322 inlrs⁴
475 3277 595 3337 strrrppi.'
606 3279 667 3329 Duc.
861 3286 945 3345 struit,
954 3287 1026 3334 otiose
1033 3287 1062 3344 it,
1071 3291 1207 3335 remoratur.
1241 3286 1339 3336 Tauron
1348 3287 1389 3335 ni·

332 3348 472 3410 norma-e]
501 3349 677 3402 Glossarium:
706 3355 824 3406 ‘Pedem
864 3361 897 3408 lril
912 3357 1070 3410 affirmold.

299 3422 385 3482 struit,
397 3420 496 3483 orirer!
511 3423 564 3473 Jnr.
577 3425 639 3477 Scri.
895 3443 907 3470 ¹
924 3435 1009 3484 διῆκε
1014 3449 1104 3497 genero
1110 3435 1221 3500 liborum]
1238 3436 1328 3486 strues
1337 3451 1391 3487 om-

331 3497 687 3562 sacramentariorum
705 3507 825 3568 modii-
863 3511 932 3558 nium
957 3525 1041 3560 rernm
1071 3513 1213 3561 exstructio
1247 3513 1391 3561 dicabatur.

298 3589 359 3638 cere,
370 3573 468 3636 augere]
487 3575 609 3625 Persius:
626 3583 634 3608 ⁸
648 3581 711 3628 Rem
722 3589 822 3632 struere
863 3585 949 3635 Gloss.
967 3585 1086 3646 ‘Strnes,
1097 3586 1172 3648 ξύλων
1185 3587 1339 3652 captatam
1351 3593 1389 3636 ov·

299 3658 406 3711 exoptas
419 3663 487 3700 cosso
499 3651 582 3699 bova?
615 3653 714 3703 Adicere
724 3671 770 3719 pro
781 3661 822 3706 od-
859 3661 957 3722 μότων,’
978 3665 1095 3726 'Strueq
1117 3665 1243 3726 liquorom
1265 3668 1391 3728 orrnrulns,

291 3726 366 3784 J's'rere
377 3725 481 3788 snthus
496 3727 627 3776 scribendi
639 3734 823 3785 consuetudine
862 3741 901 3789 vel
913 3741 989 3788 etism
1002 3739 1130 3788 liborum?
1148 3741 1220 3790 Idm

298 3802 324 3850 ln
337 3803 477 3862 exemplari
490 3811 631 3852 srnrstum.
645 3805 708 3855 Due.
893 3819 906 3846 ¹
923 3813 1104 3877 strufertarios]
1121 3815 1188 3864 Crto
1198 3817 1223 3863 in
1232 3815 1297 3863 libro
1305 3815 1338 3864 do
1352 3815 1391 3865 Rs

331 3882 341 3910 ¹
360 3878 428 3925 Unde
438 3877 579 3939 industrios]
596 3880 663 3930 Vide
678 3887 685 3910 ⁴
698 3881 824 3934 Industri·
862 3889 970 3937 Rustica
980 3889 1014 3937 its
1026 3889 1134 3938 scribit:
1151 3893 1159 3918 ‘
1172 3891 1318 3954 priusquam
1329 3905 1393 3939 rues·

300 3953 359 4002 um!
377 3955 450 4002 ldsm.
860 3964 908 4011 sim
921 3961 1008 4028 furias,
1021 3977 1123 4026 porcam
1139 3965 1331 4026 praecidsneam
1344 3967 1391 4014 boc

331 4037 340 4062 ¹
356 4029 407 4077 Aut
421 4028 447 4077 in
465 4029 594 4092 dumaaiss,
610 4033 670 4094 quod
688 4033 736 4097 est]
753 4035 823 4094 Lens
862 4037 936 4088 modo
945 4037 999 4086 fieri
1009 4039 1139 4100 oportet?
1155 4047 1181 4088 et
1191 4049 1295 4102 postas:
1314 4041 1391 4089 ‘Pri-

301 4109 335 4158 nt,
344 4115 371 4151 nr
381 4105 427 4152 riri
437 4105 516 4154 docti.
535 4107 599 4156 vion
610 4108 722 4158 ‘Pedem
730 4111 822 4160 struit!
863 4129 970 4179 usquam
983 4129 1086 4177 porcum
1098 4113 1228 4164 foeminam
1239 4115 1392 4178 immolabis,

303 4179 378 4226 luem.
863 4192 931 4243 dono
953 4199 1048 4240 strusm
1067 4199 1229 4241 commovete
1251 4193 1306 4241 sic:
1323 4191 1391 4244 ans

331 4253 390 4302 ‘Aa
411 4253 453 4302 cis
470 4255 551 4317 pedem
567 4258 623 4322 padi
640 4259 751 4326 profert]
770 4261 822 4313 Hic
862 4267 1391 4332 pster,tsbscstrtrecommorendsbonss
