3190 4940
294 373 359 440 918
634 387 745 436 snxm
771 387 922 436 nonusis
948 387 1052 436 unsri

339 529 514 610 sublicibus,
526 528 679 614 peculiari
691 529 859 595 vocabulo
870 528 1078 606 Volscorum,
1091 547 1157 614 qiua
1168 537 1239 591 suut
1250 527 1339 614 tigna
1355 531 1389 594 iu

339 633 549 700 latitudinem
564 641 699 710 extensa,
715 653 782 718 qsta
796 653 857 695 nau
872 632 968 696 aliter
984 629 1155 694 Formiani
1168 641 1281 701 ooccut,
1296 653 1391 716 quarn

340 758 360 798 a
375 735 496 798 nomine
509 755 642 800 eorum:
666 743 695 798 ct
710 755 776 820 qua
788 733 828 796 ab
839 731 910 796 aliis
922 731 1099 796 auctoribus
1109 733 1256 796 sublices
1265 751 1395 797 vocan-

341 846 394 900 tur
408 835 491 921 quod
503 835 558 898 sub
572 835 614 900 eis
630 855 720 920 aqua
735 837 866 920 liquens
883 833 1054 913 laberetur,
1068 832 1167 912 dicta,
1182 839 1217 898 in
1232 853 1300 916 qua
1318 835 1392 918 opi-

340 935 570 1023 nioucsuit.
658 983 665 998 .
756 983 765 1002 .

342 1085 351 1102 .
461 1087 469 1104 .
559 1083 567 1099 .
656 1082 664 1099 .
752 1083 760 1100 .
857 1059 867 1100 s
901 1080 1392 1101 ......

342 1147 375 1206 ei
389 1142 537 1207 meminit
551 1137 663 1205 sublici
665 1140 790 1224 paretis:
812 1061 854 1204 iii
867 1137 991 1204 Navius
1004 1139 1062 1222 qui
1082 1139 1132 1204 ait
1145 1141 1177 1204 in
1190 1138 1268 1202 belli
1280 1133 1395 1199 Punici

342 1242 423 1306 libro

343 1363 443 1428 quam
457 1343 621 1428 liquidum
635 1341 763 1406 sublicio
777 1353 887 1406 tranat
896 1353 992 1428 ponte
1007 1363 1150 1420 amnem,
1159 1349 1190 1405 et
1199 1341 1267 1418 ulii,
1277 1337 1396 1403 tubulis

344 1445 398 1529 qui
411 1443 512 1508 adbuc
527 1463 642 1508 uomen
655 1447 774 1510 retinet
803 1483 1395 1509 .......

344 1547 526 1612 Sallustius
539 1547 625 1611 libro
639 1556 756 1629 quarto
782 1544 997 1610 Historiarum
1021 1567 1063 1611 nc
1084 1545 1276 1611 inrumiendi
1293 1542 1397 1627 poutis

345 1645 454 1710 sublici
499 1695 507 1711 .

346 1750 533 1813 sublicibus
549 1755 670 1813 cavata
705 1792 1198 1814 ......
1259 1763 1262 1770 “
1287 1792 1296 1809 .
1387 1790 1397 1809 .

257 1950 264 1958 ’
304 1950 526 2018 Subtimavitt
542 1953 656 2031 (lixit,5
678 1951 713 2016 id
728 1959 789 2030 est,
804 1951 839 2016 in
855 1953 959 2018 ultum
972 1951 1107 2030 extulit,
1124 1950 1295 2034 Originum
1312 1949 1398 2013 libro

764 2127 926 2148 mennon
930 2129 943 2149 0

336 2253 351 2295 s
370 2247 416 2296 Vir
427 2246 498 2298 doct.
509 2248 534 2297 in
546 2261 626 2312 msrg.
638 2247 755 2311 ejusdem
765 2246 807 2297 ed.
816 2247 925 2310 conjicit
935 2249 999 2298 dixit
1011 2250 1080 2298 Calo.

798 2407 906 2458 Nouis

307 2521 363 2555 rum
392 2519 455 2569 pons
482 2504 622 2554 nitebatur.
652 2503 735 2555 Jssvst
758 2511 834 2553 vetus
874 2505 1043 2569 sequentibus
1058 2505 1135 2554 lscile
1147 2519 1187 2554 me
1207 2505 1330 2568 expedire
1350 2519 1401 2554 non

308 2581 486 2631 Glossarium:
503 2579 644 2641 ‘sssblicss,
658 2580 802 2643 usrarimr,
813 2579 836 2628 al
876 2595 987 2645 possum,
998 2581 1116 2644 ejusdem
1132 2595 1195 2630 sene
1211 2580 1333 2630 videntur
1344 2595 1402 2629 esse

307 2658 439 2718 δνποταμᾷ
446 2655 602 2720 ovetum
610 2653 835 2718 brouaarblosres!
876 2657 961 2708 Nervii
972 2673 979 2707 s
997 2659 1032 2708 Et
1042 2673 1093 2706 non
1105 2659 1171 2707 mule
1182 2657 1218 2706 sic
1234 2671 1266 2706 es
1276 2665 1304 2706 ct
1315 2671 1402 2706 emen-

308 2733 341 2783 ld
352 2737 419 2790 est,‘
430 2733 556 2794 Snbiices,
567 2734 637 2795 tigne
648 2747 705 2797 qnoe
717 2733 742 2781 in
757 2729 836 2781 fluvio
876 2732 950 2781 debis
968 2747 999 2783 sc
1016 2732 1159 2797 supplebis.
1171 2741 1201 2781 nt
1217 2733 1326 2782 slternsn
1345 2746 1403 2780 ser·

308 2817 413 2872 pontem
437 2809 582 2858 sustinenti
626 2807 718 2864 Addit,
738 2807 837 2858 sublices
877 2823 932 2858 suns
944 2809 1093 2857 Sstnrninm
1105 2806 1219 2856 efficies:

308 2882 400 2945 dictes,
412 2883 478 2947 qrsod
492 2883 540 2932 snb
558 2882 595 2932 eis
611 2897 679 2948 equs
689 2883 790 2948 liquens
801 2885 837 2932 le·
912 2885 989 2940 Quarn
1004 2885 1118 2947 liquidust
1132 2887 1213 2933 tronnt
1222 2883 1319 2932 sublicio
1332 2888 1404 2946 poste

308 2959 424 3021 berctus,
435 2959 501 3023 quod
516 2974 566 3008 non
577 2960 680 3008 omnino
691 2959 836 3022 improben-
972 2975 1071 3010 amnesi.

308 3033 378 3090 dum,
398 3033 443 3083 sed
461 3035 543 3096 magis
563 3033 649 3097 pisces
667 3033 735 3098 qttod
750 3041 837 3083 monet
881 3035 996 3085 Etalibs't

308 3108 432 3173 Scaliger,
450 3110 572 3171 semisau,
591 3108 632 3158 sel
654 3107 765 3158 ustum
783 3107 838 3158 dic·
911 3111 1245 3176 Etabsiisadbseasisotnss
1252 3112 1341 3162 obtinet
1347 3127 1406 3178 poss

310 3193 373 3237 tam.
385 3194 413 3233 ut
425 3186 550 3248 obliquam,
560 3191 588 3234 et
604 3183 714 3248 intelligi
729 3183 839 3234 trabem.
910 3189 1037 3238 salustus.

309 3259 418 3308 Subliees
429 3263 498 3309 enlm
510 3269 537 3310 et
549 3260 644 3324 ultra,
662 3261 703 3309 sei
718 3260 839 3324 uittam
880 3265 914 3314 Et
926 3263 1117 3328 delinitionis.
1151 3264 1219 3314 Nihil
1237 3271 1321 3312 tsnsen
1335 3263 1405 3314 effis-

310 3341 339 3382 et
356 3333 462 3396 obliquus
480 3335 625 3397 composite
643 3342 712 3395 sunt,
729 3351 838 3399 quornm
879 3355 930 3403 sno,
949 3355 1031 3404 neque
1050 3341 1116 3389 enim
1137 3340 1195 3388 mibi
1212 3346 1240 3388 et
1257 3339 1364 3400 homini,
1378 3349 1409 3390 et

310 3407 421 3470 simplex
431 3407 507 3470 liques
523 3409 563 3456 vel
575 3408 656 3472 liquis·
688 3410 771 3457 Vetus
781 3423 839 3457 ⁸¹¹0·
880 3413 1257 3478 edisnejurenitsntsiidnciu.
1290 3413 1407 3478 lstspo-

312 3487 353 3532 tor
364 3484 469 3548 toqneu·
482 3483 515 3532 de
524 3481 613 3546 figuris
625 3491 652 3534 et
664 3482 840 3532 tineunssntiss
881 3488 930 3537 tius
942 3487 1102 3537 doctioribus
1118 3489 1242 3554 relinquo.
1254 3489 1296 3552 qni
1307 3489 1407 3536 certius

310 3557 440 3608 ‘Omnem
450 3565 537 3607 sutem
546 3559 718 3607 summitstenr
731 3557 839 3606 metiun-
880 3561 913 3610 de
928 3561 958 3610 iis
972 3561 1182 3623 pronunttsbuus.
1214 3563 1408 3613 Esmiltieerte

312 3634 541 3684 diobserrstioues
558 3639 618 3682 suut
632 3632 705 3692 dne3
731 3633 842 3682 enormis
880 3645 996 3702 operest
1014 3635 1070 3686 iore
1087 3645 1114 3686 ut
1131 3637 1200 3700 sequi
1216 3637 1304 3686 herum
1321 3652 1408 3687 rernm

313 3717 340 3758 et
360 3710 445 3774 liquis.
479 3708 596 3758 Enormis
619 3723 677 3772 quse
696 3707 723 3756 in
741 3722 841 3758 omnent
882 3713 1052 3763 estimstoses
1070 3713 1203 3763 constibns
1225 3713 1319 3762 nostris
1336 3711 1410 3764 feve-

312 3793 399 3835 setunt
417 3786 495 3835 rectis
514 3785 614 3848 nugulis
635 3785 792 3850 continetur,
812 3787 842 3835 li·
881 3797 935 3853 snt,
947 3789 1089 3852 presertim
1102 3788 1122 3836 si
1137 3788 1246 3836 subinde
1261 3803 1317 3837 sese
1328 3791 1409 3838 homi·

313 3862 371 3926 qnis
383 3877 442 3926 qne
460 3861 591 3910 minuendi
609 3861 703 3911 laboris
714 3876 801 3919 estus,
813 3869 841 3913 et
880 3879 926 3914 nes
943 3863 1119 3924 recordentur,
1136 3862 1290 3926 humanique
1311 3864 1374 3912 nihil
1393 3880 1410 3916 s

313 3937 384 3986 sslss
406 3945 536 3988 rectarum
559 3937 660 3986 sitione
683 3937 842 4002 ungulorum,
880 3953 908 3989 se
929 3939 1039 3988 alienum
1058 3938 1215 3988 existiment.
1248 3937 1301 3987 Sed
1320 3939 1409 3990 redes·

313 4015 450 4064 secundum
472 4015 553 4077 lusum
572 4014 763 4064 extremltstem
783 4015 842 4065 snb·
882 4031 946 4066 nun.
989 4014 1075 4065 verbe
1096 4015 1213 4064 Saliustii
1236 4029 1294 4078 ques
1316 4015 1410 4066 Festus

314 4091 447 4141 tenditur.’
479 4089 553 4139 Infrn
564 4091 589 4139 iu
603 4090 688 4139 serbis
700 4089 784 4140 Neeii
795 4091 840 4140 Ss-
881 4089 1012 4154 leudebst,
1020 4087 1118 4154 sliqnid
1130 4087 1347 4139 comminiscendo
1357 4093 1409 4140 vei·

315 4165 841 4231 tissninmrersnmsgnosco:Quaestiqus'·
879 4167 904 4214 le
932 4165 1012 4214 edere
1046 4163 1122 4213 nimis
1153 4163 1325 4225 periculosum
1361 4175 1409 4216 ess.

315 4243 370 4289 dum
389 4245 470 4290 tranat
485 4242 582 4291 milicia
597 4249 667 4306 parts
685 4257 784 4294 amnem.
819 4244 841 4293 Ε
881 4243 969 4295 Qnsre
991 4235 1193 4300 stultissimum
1210 4239 1259 4288 itae
1277 4254 1354 4292 unuin
1371 4242 1409 4291 di·
