3208 4938
310 395 360 445 nn
383 397 593 446 vnnucnun
616 395 933 449 s1cn1nrcnuronn
958 403 1032 452 nro.
1055 402 1152 451 xvrr.
1211 387 1276 456 817

219 541 391 624 Sulpicius
404 549 507 604 cutem
524 537 631 628 Rufus
646 551 777 616 senates,
794 549 828 608 et
842 542 990 627 Opillius
1006 543 1158 610 Aurelius
1172 548 1278 612 enn'eti-

219 652 306 704 mant
324 643 393 706 dici
404 642 564 706 inferioris
580 643 638 707 loci
654 655 768 729 gentes,
782 651 819 709 ut
829 645 986 710 Tiburtes
1001 657 1029 710 et
1042 646 1131 722 aliur,
1146 650 1200 733 qni
1209 671 1278 712 cum

221 745 348 826 populo
357 744 494 808 Tiburte
504 752 530 794 ¹⁹
543 741 728 808 habitarunt
741 746 774 808 in
788 764 864 831 egro
882 747 1029 824 Tiburti,
1054 749 1088 812 id
1106 759 1162 826 ert,
1183 769 1278 832 pere-

220 845 326 928 grinos
340 843 568 931 inferiorisque
583 848 651 912 loci
675 857 789 933 genten,
805 848 910 932 itaque
924 849 1073 933 seriptum
1089 860 1131 912 ent
1146 852 1181 914 in
1200 867 1278 914 xri.

222 966 320 1024 nexo,
333 945 491 1030 solutoque
505 947 583 1012 sorti
601 952 782 1034 senatique,
792 948 935 1035 idemjns
946 961 1022 1028 erto,
1037 951 1072 1014 id
1089 958 1151 1029 est,
1165 952 1280 1030 honor,

222 1047 306 1132 quod
318 1058 349 1111 et
359 1048 537 1133 peregrino,
553 1052 612 1135 qui
634 1057 667 1116 et
680 1049 869 1136 inferiorum
891 1050 1093 1130 cotoneorum,
1110 1073 1186 1136 quoe
1204 1060 1281 1118 sunt

224 1146 358 1211 deducte
371 1149 404 1212 in
420 1147 557 1215 Primos
577 1151 728 1228 Latinos,
743 1173 822 1236 qnae
841 1151 967 1216 Priscus
992 1176 1045 1216 rex
1071 1155 1212 1235 inegerit
1226 1173 1281 1218 ee·

224 1252 370 1314 cundum
392 1271 478 1314 mere
498 1273 595 1336 snpra
618 1263 648 1316 et
669 1253 755 1317 inira
770 1255 915 1318 Romam
937 1256 971 1318 in
993 1255 1130 1320 ciuitates
1149 1252 1280 1319 Latino·

226 1371 306 1428 rum,
337 1371 460 1434 eosque
491 1355 631 1432 sanatis,
653 1363 820 1438 propterea
841 1354 926 1440 qnod
949 1365 1071 1438 praetor
1096 1358 1281 1442 opinionem

226 1474 274 1515 eor
293 1453 481 1535 paravisset
496 1457 718 1537 sanavissetq.
733 1463 763 1518 et
785 1476 853 1516 cnm
875 1455 917 1518 eie
938 1458 1070 1538 pacisci
1099 1459 1281 1540 potuisset,

225 1553 413 1630 nominavit,
429 1564 466 1616 nt
481 1555 528 1620 nit
544 1555 681 1620 Cincius
695 1557 753 1620 lib.
770 1573 810 1619 11.
832 1557 871 1620 de
886 1555 982 1640 officio
987 1557 1223 1642 jurisconsulti,
1238 1579 1281 1624 ne

227 1653 383 1718 Valerius
398 1654 521 1741 quidem
545 1655 684 1720 Messala
711 1661 744 1721 in
763 1675 839 1722 xn.
866 1659 1087 1741 explicatione
1112 1658 1147 1722 id
1171 1659 1283 1737 omitit,

227 1755 281 1840 qni
300 1759 454 1820 tamenin
470 1778 511 1822 eo
526 1760 624 1836 libro,
641 1779 737 1842 quem
760 1759 796 1823 de
812 1757 900 1822 dictis
926 1759 1075 1824 involute
1086 1768 1114 1798 ²⁰
1134 1761 1285 1825 inscribit

226 1856 359 1920 sortiunt
377 1855 505 1920 Surrutie
525 1859 609 1924 duas
625 1862 731 1942 gentis
753 1862 915 1925 finitimas
927 1880 988 1924 esee
1005 1861 1064 1937 nit,
1079 1859 1116 1924 de
1132 1859 1218 1946 quib·
1242 1859 1285 1924 le·

228 1978 302 2039 gem
323 1959 409 2022 hanc
436 1960 623 2042 inscriptum
647 1981 707 2024 esee
732 1982 795 2044 qua
817 1971 944 2022 cantum
969 1962 1019 2024 uli
1046 1961 1081 2025 id
1100 1961 1160 2044 jus
1182 1960 1285 2023 mnni-

224 2056 316 2142 feetc,
331 2058 415 2142 quod
437 2059 478 2122 P.
494 2059 537 2123 R.
559 2061 742 2126 haberent:
765 2083 861 2146 neque
882 2061 960 2126 ulios
975 2083 1069 2146 quem
1085 2059 1236 2146 forctott,
1252 2066 1285 2124 et

229 2171 355 2226 sanates
368 2181 436 2222 enm
451 2161 546 2246 legem
561 2161 746 2244 significare
761 2162 929 2226 existimat
945 2149 999 2226 loc
1015 2161 1183 2239 intellectu,
1199 2163 1286 2226 mul·

230 2263 253 2324 ti
267 2269 276 2298 ¹
289 2267 367 2325 suut
377 2259 488 2344 quibus
503 2261 586 2346 qnod
598 2261 679 2326 alins
691 2261 822 2347 placuit
833 2265 1004 2346 displicent
1014 2273 1144 2346 postea:
1160 2261 1286 2346 ideoque

230 2362 275 2424 ar't
289 2363 396 2426 sancti
412 2362 510 2426 forcti
524 2361 699 2446 significare
714 2365 821 2428 sanati
836 2364 955 2426 insani.

221 2705 260 2811 119Ι
268 2700 317 2748 Ed.
327 2699 395 2748 Scnl.
414 2699 595 2748 Tiburte-20
613 2698 678 2748 End.
700 2698 742 2747 erl.
759 2699 917 2748 incolatu-l
939 2699 1003 2748 End.
1023 2699 1063 2746 ed.
1081 2697 1289 2748 'intellectulu-

189 2779 230 2814 nru
243 2768 280 2812 tr!

687 2859 793 2912 NOTAE

190 2985 251 3034 anr
268 2971 379 3034 inegerit
403 2972 544 3022 secundum
564 2988 633 3022 mare
653 2969 718 3021 intre
759 2973 872 3034 plicent:
891 2971 1005 3020 etnllter
1020 2971 1097 3019 inre.
1112 2965 1290 3028 trunti,t'orctl

191 3047 297 3096 Romam
310 3047 336 3095 in
348 3048 468 3098 civitaten
481 3049 645 3098 Latinorum:
664 3063 719 3098 eor·
760 3047 981 3110 interpretentur:
1009 3047 1055 3094 lruc
1075 3051 1125 3104 ert,
1143 3042 1234 3098 tanati,
1253 3041 1291 3090 ln·

192 3137 242 3186 que
260 3123 364 3179 nnnrtin,
384 3133 524 3186 propterea
538 3125 605 3188 qnod
623 3111 720 3188 praeter
758 3123 823 3170 reni.
859 3123 1049 3183 Propemodum
1063 3119 1208 3167 revidetur
1221 3117 1292 3168 reru

191 3197 335 3259 opinionem
354 3212 398 3244 eos
412 3198 556 3259 proruisset
567 3199 719 3247 cenavisset·
760 3197 890 3245 sententia
902 3211 968 3244 erre.
989 3195 1042 3243 Jor.
1055 3191 1119 3242 Seni.

191 3285 249 3337 que,
259 3282 286 3322 et
298 3287 355 3323 enm
368 3274 404 3322 ein
415 3273 511 3336 proieci
525 3275 663 3336 potnlrtet,
674 3287 719 3322 no·
792 3267 892 3322 Sancto
909 3271 976 3333 quani
994 3269 1086 3332 trunti]
1104 3265 1170 3317 Vide
1185 3267 1193 3297 ‘
1208 3265 1293 3316 Horc-

192 3349 307 3406 minavit,
325 3357 356 3397 ut
372 3359 491 3398 nrrctoret
502 3357 563 3398 nunt
574 3349 678 3399 Cincius
690 3349 720 3396 ll·
760 3343 831 3394 tum.¹
861 3345 935 3394 lnfrn
952 3354 1013 3408 pont
1034 3345 1117 3407 legem
1135 3349 1175 3394 12.
1195 3343 1295 3392 tabule·

192 3425 239 3471 bro
257 3436 289 3470 rr.
309 3421 341 3470 dc
361 3419 442 3472 officio
463 3423 658 3480 Jurirconnnlti.
680 3423 720 3472 M.
761 3435 834 3470 rum:
855 3421 925 3470 Neue
942 3423 1072 3484 soluteque,
1084 3421 1149 3479 sorti
1167 3421 1294 3482 rnnmt'uu

191 3495 312 3546 aneriur
330 3495 442 3545 Mentula
454 3499 479 3545 in
490 3513 522 3547 en
533 3498 558 3548 in
572 3503 612 3547 12.
630 3497 720 3561 oxpln·
759 3495 870 3557 r‘uemjnr
888 3503 946 3560 ento,
962 3497 988 3545 id
999 3501 1043 3550 ert,
1054 3495 1134 3544 lmnor.
1160 3496 1293 3543 Emcudn:

193 3573 306 3621 untione.
339 3569 413 3620 Idem
435 3581 521 3622 temen
543 3574 569 3622 in
591 3587 622 3621 eo
645 3573 721 3634 libro,
761 3571 918 3632 intentione.
936 3573 1068 3622 eraeennt
1081 3569 1162 3618 verbu
1174 3568 1244 3618 rem
1256 3567 1294 3616 in·

193 3661 269 3710 quern
293 3646 326 3696 de
353 3647 431 3696 dtcttn
453 3649 569 3697 involute
595 3647 724 3708 lmcriblr,
764 3647 933 3709 terpretnntir
959 3646 1037 3694 verba
1062 3647 1143 3707 legire
1174 3643 1295 3702 lelemjnr

194 3723 285 3772 scretis
297 3723 429 3772 etrnnrtle
440 3723 550 3773 rltdnnr
563 3725 648 3787 gentis
666 3721 723 3770 tini·
763 3725 813 3769 erto
825 3718 899 3779 sorti,
918 3719 943 3767 id
961 3726 1010 3780 ert,
1030 3720 1106 3778 bono,
1126 3720 1187 3781 qnod
1206 3716 1295 3778 renuti,

195 3801 271 3849 timer
289 3800 366 3849 mari:
392 3799 424 3849 de
441 3801 533 3864 quibu·
553 3801 637 3864 legem
657 3799 724 3848 hanc
764 3794 1000 3858 idert‚peregrino.
1016 3790 1297 3856 Etjrrmruprnnlocuit

195 3877 344 3939 iuueriptnrn
355 3889 412 3924 erne
423 3873 570 3939 videri,Uti
582 3875 639 3924 dnn
648 3873 725 3921 mnri·
756 3871 848 3930 sertem
861 3871 953 3919 bonurn
964 3869 1118 3930 significare.
1135 3865 1175 3915 De
1187 3867 1295 3914 coloniis

196 3953 359 4014 timagentlr
372 3952 462 4000 eodem
480 3965 539 4001 cnm
551 3951 584 4000 Ρ.
598 3952 630 3999 R.
648 3950 725 3998 tube·
764 3959 828 4010 qum
850 3945 957 3994 Priscus
975 3945 1129 4008 'l'nrqniniue
1146 3943 1171 3990 ln
1192 3941 1297 3990 Primos

196 4027 361 4090 rentnrjure:
374 4041 459 4088 neque
468 4027 531 4076 nlius
540 4039 616 4090 qunm
629 4025 725 4074 forctee
766 4023 872 4071 Latinos
881 4021 1000 4078 deduxit,
1012 4021 1074 4069 nihil
1087 4017 1154 4080 apud
1166 4017 1297 4066 eliocroc-

195 4112 223 4151 ιι
234 4111 337 4152 rrnnten
348 4103 431 4166 legem
443 4104 507 4151 hauc
520 4099 666 4164 siguificare
683 4113 726 4147 ex·
766 4105 837 4146 tores
849 4097 907 4160 tegi.
933 4097 1015 4145 Prisci
1034 4094 1118 4144 Latini
1134 4093 1213 4142 diotre
1229 4092 1299 4140 colo·

196 4177 295 4226 intimet
315 4177 363 4225 hoc
386 4177 538 4226 intellectu:
565 4176 639 4224 multi
667 4181 727 4223 runt
765 4174 816 4222 nin
834 4187 892 4236 qne
915 4171 1042 4221 antino
1058 4169 1146 4234 sylvio
1168 4166 1298 4218 deducte.

197 4253 288 4320 quium
300 4253 336 4308 iu,
348 4253 415 4316 qrrorl
428 4253 545 4316 plurium
558 4253 665 4318 placuit,
675 4249 725 4300 dir·
767 4247 836 4298 vine
847 4249 855 4276 ‘
867 4245 983 4299 Prlrcaess
999 4245 1061 4296 Dur.

265 4333 352 4395 Delplr.
361 4337 384 4382 ct
398 4333 456 4382 l'nr.
468 4335 533 4385 clun.
679 4331 763 4394 Pnnp.
778 4331 842 4380 Fert.
1179 4328 1195 4376 t
1213 4323 1233 4372 F
