<?xml version="1.0" encoding="UTF-8"?>
<!DOCTYPE html PUBLIC "-//W3C//DTD XHTML 1.0 Transitional//EN"
    "http://www.w3.org/TR/xhtml1/DTD/xhtml1-transitional.dtd">
<html xmlns="http://www.w3.org/1999/xhtml" xml:lang="en" lang="en">
 <head>
  <title>
</title>
<meta http-equiv="Content-Type" content="text/html;charset=utf-8" />
  <meta name='ocr-system' content='tesseract 3.04.00' />
  <meta name='ocr-capabilities' content='ocr_page ocr_carea ocr_par ocr_line ocrx_word'/>
</head>
<body>
  <div class='ocr_page' id='page_1' title='image "./mverriiflacciqu00flacgoog/mverriiflacciqu00flacgoog_0442.png"; bbox 0 0 3190 4940; ppageno 0'>
   <div class='ocr_carea' id='block_1_1' title="bbox 315 373 1277 438">
    <p class='ocr_par' dir='ltr' id='par_1_1' title="bbox 315 373 1277 438">
     <span class='ocr_line' id='line_1_1' title="bbox 315 373 1277 438; baseline 0.005 -5"><span class='ocrx_word' id='word_1_1' title='bbox 315 385 365 434; x_wconf 85' lang='lat' dir='ltr'><strong>na</strong></span> <span class='ocrx_word' id='word_1_2' title='bbox 389 383 597 438; x_wconf 82' lang='lat' dir='ltr'><strong>vaanoauu</strong></span> <span class='ocrx_word' id='word_1_3' title='bbox 621 383 934 436; x_wconf 78' lang='lat' dir='ltr'><strong>ercurrrcarroun</strong></span> <span class='ocrx_word' id='word_1_4' title='bbox 959 385 1029 434; x_wconf 82' lang='lat' dir='ltr'><strong>nra.</strong></span> <span class='ocrx_word' id='word_1_5' title='bbox 1053 387 1150 436; x_wconf 80' lang='lat' dir='ltr'><strong>xvir.</strong></span> <span class='ocrx_word' id='word_1_6' title='bbox 1213 373 1277 438; x_wconf 82' lang='lat'><strong>877</strong></span> 
     </span>
    </p>
   </div>
   <div class='ocr_carea' id='block_1_2' title="bbox 188 527 1381 1126">
    <p class='ocr_par' dir='ltr' id='par_1_2' title="bbox 230 527 1276 696">
     <span class='ocr_line' id='line_1_2' title="bbox 230 527 1276 652; baseline -0.001 -59"><span class='ocrx_word' id='word_1_7' title='bbox 230 527 349 614; x_wconf 82' lang='lat' dir='ltr'><strong>piscia,</strong></span> <span class='ocrx_word' id='word_1_8' title='bbox 363 528 416 592; x_wconf 87' lang='lat' dir='ltr'><strong>rei</strong></span> <span class='ocrx_word' id='word_1_9' title='bbox 430 528 568 592; x_wconf 76' lang='lat' dir='ltr'><strong>materia</strong></span> <span class='ocrx_word' id='word_1_10' title='bbox 581 527 748 604; x_wconf 79' lang='lat' dir='ltr'><strong>rcbnetaa,</strong></span> <span class='ocrx_word' id='word_1_11' title='bbox 764 541 865 611; x_wconf 80' lang='lat' dir='ltr'><strong>super</strong></span> <span class='ocrx_word' id='word_1_12' title='bbox 880 545 981 610; x_wconf 87' lang='lat' dir='ltr'><strong>qnam</strong></span> <span class='ocrx_word' id='word_1_13' title='bbox 994 527 1104 610; x_wconf 81' lang='lat' dir='ltr'><strong>parics</strong></span> <span class='ocrx_word' id='word_1_14' title='bbox 1119 527 1276 652; x_wconf 74' lang='lat' dir='ltr'><strong>craticius</strong></span> 
     </span>
     <span class='ocr_line' id='line_1_3' title="bbox 231 631 423 696; baseline -0.016 0"><span class='ocrx_word' id='word_1_15' title='bbox 231 631 423 696; x_wconf 78' lang='lat' dir='ltr'>exstruitur.</span> 
     </span>
    </p>

    <p class='ocr_par' dir='ltr' id='par_1_3' title="bbox 190 727 1276 1017">
     <span class='ocr_line' id='line_1_4' title="bbox 190 727 1276 810; baseline -0.007 -12"><span class='ocrx_word' id='word_1_16' title='bbox 190 733 305 810; x_wconf 81' lang='lat' dir='ltr'><strong>Solea,</strong></span> <span class='ocrx_word' id='word_1_17' title='bbox 320 738 357 796; x_wconf 91' lang='lat' dir='ltr'><strong>ut</strong></span> <span class='ocrx_word' id='word_1_18' title='bbox 371 733 420 794; x_wconf 89' lang='lat' dir='ltr'><strong>ait</strong></span> <span class='ocrx_word' id='word_1_19' title='bbox 436 729 581 806; x_wconf 76' lang='lat' dir='ltr'><strong>Verriurr,</strong></span> <span class='ocrx_word' id='word_1_20' title='bbox 595 736 649 794; x_wconf 85' lang='lat' dir='ltr'><strong>cst</strong></span> <span class='ocrx_word' id='word_1_21' title='bbox 663 749 729 795; x_wconf 87' lang='lat' dir='ltr'><strong>ncn</strong></span> <span class='ocrx_word' id='word_1_22' title='bbox 744 730 851 794; x_wconf 89' lang='lat' dir='ltr'><strong>solum</strong></span> <span class='ocrx_word' id='word_1_23' title='bbox 868 748 920 806; x_wconf 84' lang='lat' dir='ltr'><strong>ca,</strong></span> <span class='ocrx_word' id='word_1_24' title='bbox 935 747 1012 810; x_wconf 87' lang='lat' dir='ltr'><strong>quae</strong></span> <span class='ocrx_word' id='word_1_25' title='bbox 1028 728 1101 792; x_wconf 82' lang='lat' dir='ltr'><strong>eolo</strong></span> <span class='ocrx_word' id='word_1_26' title='bbox 1151 727 1276 810; x_wconf 81' lang='lat' dir='ltr'><strong>[Fnau.</strong></span> 
     </span>
     <span class='ocr_line' id='line_1_5' title="bbox 230 829 1276 917; baseline -0.005 -20"><span class='ocrx_word' id='word_1_27' title='bbox 230 833 328 917; x_wconf 80' lang='lat' dir='ltr'><strong>pedis</strong></span> <span class='ocrx_word' id='word_1_28' title='bbox 354 831 541 914; x_wconf 83' lang='lat' dir='ltr'><strong>subjicitur,</strong></span> <span class='ocrx_word' id='word_1_29' title='bbox 556 829 615 894; x_wconf 83' lang='lat' dir='ltr'><strong>scd</strong></span> <span class='ocrx_word' id='word_1_30' title='bbox 638 831 736 894; x_wconf 86' lang='lat' dir='ltr'><strong>etiam</strong></span> <span class='ocrx_word' id='word_1_31' title='bbox 763 849 822 912; x_wconf 90' lang='lat' dir='ltr'><strong>pro</strong></span> <span class='ocrx_word' id='word_1_32' title='bbox 844 829 980 894; x_wconf 85' lang='lat' dir='ltr'><strong>materia</strong></span> <span class='ocrx_word' id='word_1_33' title='bbox 1000 829 1162 905; x_wconf 51' lang='lat' dir='ltr'><strong>concana</strong></span> <span class='ocrx_word' id='word_1_34' title='bbox 1177 847 1276 912; x_wconf 77' lang='lat' dir='ltr'><strong>snper</strong></span> 
     </span>
     <span class='ocr_line' id='line_1_6' title="bbox 231 930 829 1017; baseline -0.008 -20"><span class='ocrx_word' id='word_1_35' title='bbox 231 953 330 1017; x_wconf 85' lang='lat' dir='ltr'><strong>quam</strong></span> <span class='ocrx_word' id='word_1_36' title='bbox 345 933 455 1016; x_wconf 86' lang='lat' dir='ltr'><strong>parics</strong></span> <span class='ocrx_word' id='word_1_37' title='bbox 470 930 627 996; x_wconf 81' lang='lat' dir='ltr'><strong>craticius</strong></span> <span class='ocrx_word' id='word_1_38' title='bbox 639 932 829 998; x_wconf 81' lang='lat' dir='ltr'><strong>exstruitur.</strong></span> 
     </span>
    </p>

    <p class='ocr_par' dir='ltr' id='par_1_4' title="bbox 188 1028 1381 1126">
     <span class='ocr_line' id='line_1_7' title="bbox 188 1028 1381 1126; baseline -0.005 -26"><span class='ocrx_word' id='word_1_39' title='bbox 188 1034 366 1100; x_wconf 74' lang='lat' dir='ltr'><strong>solicitata</strong></span> <span class='ocrx_word' id='word_1_40' title='bbox 375 1031 411 1072; x_wconf 85' lang='lat'><strong>⁶¹¹</strong></span> <span class='ocrx_word' id='word_1_41' title='bbox 423 1033 556 1116; x_wconf 84' lang='lat' dir='ltr'><strong>quidam</strong></span> <span class='ocrx_word' id='word_1_42' title='bbox 566 1033 689 1096; x_wconf 87' lang='lat' dir='ltr'><strong>dictum</strong></span> <span class='ocrx_word' id='word_1_43' title='bbox 702 1038 821 1114; x_wconf 80' lang='lat' dir='ltr'><strong>putant</strong></span> <span class='ocrx_word' id='word_1_44' title='bbox 832 1031 921 1094; x_wconf 87' lang='lat' dir='ltr'><strong>velut</strong></span> <span class='ocrx_word' id='word_1_45' title='bbox 936 1030 1031 1094; x_wconf 80' lang='lat' dir='ltr'><strong>citare</strong></span> <span class='ocrx_word' id='word_1_46' title='bbox 1044 1050 1080 1094; x_wconf 78' lang='lat' dir='ltr'><strong>ea·</strong></span> <span class='ocrx_word' id='word_1_47' title='bbox 1094 1028 1181 1109; x_wconf 74' lang='lat' dir='ltr'><strong>coilo,</strong></span> <span class='ocrx_word' id='word_1_48' title='bbox 1195 1030 1278 1116; x_wconf 81' lang='lat' dir='ltr'><strong>quod</strong></span> <span class='ocrx_word' id='word_1_49' title='bbox 1377 1119 1381 1126; x_wconf 28' lang='grc' dir='ltr'>Ι</span> 
     </span>
    </p>
   </div>
   <div class='ocr_carea' id='block_1_3' title="bbox 189 1130 1329 1330">
    <p class='ocr_par' dir='ltr' id='par_1_5' title="bbox 189 1130 1329 1330">
     <span class='ocr_line' id='line_1_8' title="bbox 189 1130 1275 1214; baseline -0.002 -15.924"><span class='ocrx_word' id='word_1_50' title='bbox 189 1143 273 1198; x_wconf 78' lang='lat' dir='ltr'><strong>art</strong></span> <span class='ocrx_word' id='word_1_51' title='bbox 287 1153 331 1198; x_wconf 85' lang='lat' dir='ltr'><strong>ex</strong></span> <span class='ocrx_word' id='word_1_52' title='bbox 346 1151 409 1197; x_wconf 83' lang='lat' dir='ltr'><strong>suc</strong></span> <span class='ocrx_word' id='word_1_53' title='bbox 429 1133 516 1208; x_wconf 90' lang='lat' dir='ltr'><strong>ioco,</strong></span> <span class='ocrx_word' id='word_1_54' title='bbox 537 1152 577 1196; x_wconf 83' lang='lat' dir='ltr'><strong>ac</strong></span> <span class='ocrx_word' id='word_1_55' title='bbox 596 1133 759 1196; x_wconf 83' lang='lat' dir='ltr'><strong>sententia</strong></span> <span class='ocrx_word' id='word_1_56' title='bbox 783 1149 925 1194; x_wconf 79' lang='lat' dir='ltr'><strong>mouere.-</strong></span> <span class='ocrx_word' id='word_1_57' title='bbox 945 1130 1053 1194; x_wconf 82' lang='lat' dir='ltr'><strong>sollum</strong></span> <span class='ocrx_word' id='word_1_58' title='bbox 1073 1141 1175 1196; x_wconf 83' lang='lat' dir='ltr'><strong>cutem</strong></span> <span class='ocrx_word' id='word_1_59' title='bbox 1196 1135 1275 1214; x_wconf 88' lang='lat' dir='ltr'><strong>quin</strong></span> 
     </span>
     <span class='ocr_line' id='line_1_9' title="bbox 228 1229 1329 1330; baseline -0.002 -30"><span class='ocrx_word' id='word_1_60' title='bbox 228 1234 391 1318; x_wconf 78' lang='lat' dir='ltr'><strong>significet</strong></span> <span class='ocrx_word' id='word_1_61' title='bbox 403 1234 525 1308; x_wconf 86' lang='lat' dir='ltr'><strong>iocum,</strong></span> <span class='ocrx_word' id='word_1_62' title='bbox 540 1233 615 1316; x_wconf 87' lang='lat' dir='ltr'><strong>quis</strong></span> <span class='ocrx_word' id='word_1_63' title='bbox 630 1229 778 1296; x_wconf 58' lang='lat' dir='ltr'><strong>(tarditati</strong></span> <span class='ocrx_word' id='word_1_64' title='bbox 799 1253 868 1295; x_wconf 81' lang='lat' dir='ltr'><strong>cum</strong></span> <span class='ocrx_word' id='word_1_65' title='bbox 883 1230 998 1296; x_wconf 78' lang='lat' dir='ltr'><strong>exsules</strong></span> <span class='ocrx_word' id='word_1_66' title='bbox 1013 1251 1147 1316; x_wconf 85' lang='lat' dir='ltr'><strong>quoque</strong></span> <span class='ocrx_word' id='word_1_67' title='bbox 1161 1232 1275 1298; x_wconf 88' lang='lat' dir='ltr'><strong>dican·</strong></span> <span class='ocrx_word' id='word_1_68' title='bbox 1325 1313 1329 1330; x_wconf 24' lang='grc' dir='ltr'>ι</span> 
     </span>
    </p>
   </div>
   <div class='ocr_carea' id='block_1_4' title="bbox 187 1331 1274 1924">
    <p class='ocr_par' dir='ltr' id='par_1_6' title="bbox 187 1331 1274 1924">
     <span class='ocr_line' id='line_1_10' title="bbox 227 1331 676 1419; baseline -0.009 -19"><span class='ocrx_word' id='word_1_69' title='bbox 227 1341 280 1400; x_wconf 87' lang='lat' dir='ltr'><strong>tur</strong></span> <span class='ocrx_word' id='word_1_70' title='bbox 292 1338 369 1401; x_wconf 86' lang='lat' dir='ltr'><strong>icco</strong></span> <span class='ocrx_word' id='word_1_71' title='bbox 384 1335 497 1419; x_wconf 73' lang='lat' dir='ltr'><strong>patrica</strong></span> <span class='ocrx_word' id='word_1_72' title='bbox 509 1355 570 1398; x_wconf 78' lang='lat' dir='ltr'><strong>cuc</strong></span> <span class='ocrx_word' id='word_1_73' title='bbox 580 1331 676 1416; x_wconf 75' lang='lat' dir='ltr'><strong>pulsi</strong></span> 
     </span>
     <span class='ocr_line' id='line_1_11' title="bbox 187 1435 1274 1515; baseline -0.002 -15"><span class='ocrx_word' id='word_1_74' title='bbox 187 1435 364 1502; x_wconf 84' lang='lat' dir='ltr'><strong>Soiicitara</strong></span> <span class='ocrx_word' id='word_1_75' title='bbox 382 1443 434 1500; x_wconf 82' lang='lat' dir='ltr'><strong>est</strong></span> <span class='ocrx_word' id='word_1_76' title='bbox 448 1437 521 1500; x_wconf 85' lang='lat' dir='ltr'><strong>scic</strong></span> <span class='ocrx_word' id='word_1_77' title='bbox 536 1437 650 1510; x_wconf 85' lang='lat' dir='ltr'><strong>citare,</strong></span> <span class='ocrx_word' id='word_1_78' title='bbox 674 1435 710 1500; x_wconf 92' lang='lat' dir='ltr'><strong>id</strong></span> <span class='ocrx_word' id='word_1_79' title='bbox 724 1441 787 1513; x_wconf 87' lang='lat' dir='ltr'><strong>est,</strong></span> <span class='ocrx_word' id='word_1_80' title='bbox 801 1455 845 1500; x_wconf 84' lang='lat' dir='ltr'><strong>ex</strong></span> <span class='ocrx_word' id='word_1_81' title='bbox 860 1453 923 1500; x_wconf 81' lang='lat' dir='ltr'><strong>ano</strong></span> <span class='ocrx_word' id='word_1_82' title='bbox 947 1436 1023 1500; x_wconf 92' lang='lat' dir='ltr'><strong>lccc</strong></span> <span class='ocrx_word' id='word_1_83' title='bbox 1049 1454 1119 1500; x_wconf 89' lang='lat' dir='ltr'><strong>mc·</strong></span> <span class='ocrx_word' id='word_1_84' title='bbox 1141 1435 1274 1515; x_wconf 77' lang='lat' dir='ltr'><strong>[Paua.</strong></span> 
     </span>
     <span class='ocr_line' id='line_1_12' title="bbox 228 1534 1273 1620; baseline -0.002 -18"><span class='ocrx_word' id='word_1_85' title='bbox 228 1556 322 1602; x_wconf 85' lang='lat' dir='ltr'><strong>vare:</strong></span> <span class='ocrx_word' id='word_1_86' title='bbox 345 1538 450 1602; x_wconf 80' lang='lat' dir='ltr'><strong>selum</strong></span> <span class='ocrx_word' id='word_1_87' title='bbox 473 1544 583 1602; x_wconf 86' lang='lat' dir='ltr'><strong>autem</strong></span> <span class='ocrx_word' id='word_1_88' title='bbox 606 1538 687 1618; x_wconf 90' lang='lat' dir='ltr'><strong>quin</strong></span> <span class='ocrx_word' id='word_1_89' title='bbox 712 1534 877 1618; x_wconf 72' lang='lat' dir='ltr'><strong>significet</strong></span> <span class='ocrx_word' id='word_1_90' title='bbox 890 1537 1011 1610; x_wconf 88' lang='lat' dir='ltr'><strong>iocum,</strong></span> <span class='ocrx_word' id='word_1_91' title='bbox 1026 1537 1102 1620; x_wconf 83' lang='lat' dir='ltr'><strong>quis</strong></span> <span class='ocrx_word' id='word_1_92' title='bbox 1118 1537 1273 1602; x_wconf 84' lang='lat' dir='ltr'><strong>dubitcti</strong></span> 
     </span>
     <span class='ocr_line' id='line_1_13' title="bbox 226 1636 1197 1721; baseline 0.003 -20"><span class='ocrx_word' id='word_1_93' title='bbox 226 1639 452 1703; x_wconf 83' lang='lat' dir='ltr'><strong>cumcxsuics</strong></span> <span class='ocrx_word' id='word_1_94' title='bbox 467 1656 598 1720; x_wconf 85' lang='lat' dir='ltr'><strong>qnoque</strong></span> <span class='ocrx_word' id='word_1_95' title='bbox 614 1636 767 1703; x_wconf 88' lang='lat' dir='ltr'><strong>dicantur</strong></span> <span class='ocrx_word' id='word_1_96' title='bbox 780 1637 854 1701; x_wconf 90' lang='lat' dir='ltr'><strong>loco</strong></span> <span class='ocrx_word' id='word_1_97' title='bbox 868 1638 988 1719; x_wconf 83' lang='lat' dir='ltr'><strong>patrica</strong></span> <span class='ocrx_word' id='word_1_98' title='bbox 998 1655 1070 1702; x_wconf 83' lang='lat' dir='ltr'><strong>suae</strong></span> <span class='ocrx_word' id='word_1_99' title='bbox 1086 1637 1197 1721; x_wconf 59' lang='lat' dir='ltr'><strong>pulsi„</strong></span> 
     </span>
     <span class='ocr_line' id='line_1_14' title="bbox 188 1736 1274 1822; baseline 0.001 -21"><span class='ocrx_word' id='word_1_100' title='bbox 188 1737 306 1802; x_wconf 86' lang='lat' dir='ltr'><strong>Solida</strong></span> <span class='ocrx_word' id='word_1_101' title='bbox 320 1736 425 1816; x_wconf 83' lang='lat' dir='ltr'><strong>seila,i</strong></span> <span class='ocrx_word' id='word_1_102' title='bbox 440 1740 487 1802; x_wconf 86' lang='lat' dir='ltr'><strong>ait</strong></span> <span class='ocrx_word' id='word_1_103' title='bbox 502 1737 647 1816; x_wconf 79' lang='lat' dir='ltr'><strong>Verrius,</strong></span> <span class='ocrx_word' id='word_1_104' title='bbox 657 1736 759 1801; x_wconf 81' lang='lat' dir='ltr'><strong>sedere</strong></span> <span class='ocrx_word' id='word_1_105' title='bbox 772 1748 837 1801; x_wconf 84' lang='lat' dir='ltr'><strong>tum</strong></span> <span class='ocrx_word' id='word_1_106' title='bbox 851 1738 918 1822; x_wconf 74' lang='lat' dir='ltr'><strong>quia</strong></span> <span class='ocrx_word' id='word_1_107' title='bbox 927 1737 1075 1821; x_wconf 89' lang='lat' dir='ltr'><strong>jubetur,</strong></span> <span class='ocrx_word' id='word_1_108' title='bbox 1087 1759 1163 1803; x_wconf 86' lang='lat' dir='ltr'><strong>curn</strong></span> <span class='ocrx_word' id='word_1_109' title='bbox 1176 1756 1274 1802; x_wconf 80' lang='lat' dir='ltr'><strong>mana</strong></span> 
     </span>
     <span class='ocr_line' id='line_1_15' title="bbox 228 1836 1274 1924; baseline 0 -21"><span class='ocrx_word' id='word_1_110' title='bbox 228 1859 358 1922; x_wconf 79' lang='lat' dir='ltr'><strong>surgent</strong></span> <span class='ocrx_word' id='word_1_111' title='bbox 384 1837 566 1922; x_wconf 70' lang='lat' dir='ltr'><strong>auspicandi</strong></span> <span class='ocrx_word' id='word_1_112' title='bbox 592 1839 700 1924; x_wconf 83' lang='lat' dir='ltr'><strong>gratia</strong></span> <span class='ocrx_word' id='word_1_113' title='bbox 728 1836 912 1923; x_wconf 81' lang='lat' dir='ltr'><strong>evigilavit:</strong></span> <span class='ocrx_word' id='word_1_114' title='bbox 947 1838 1037 1921; x_wconf 89' lang='lat' dir='ltr'><strong>quod</strong></span> <span class='ocrx_word' id='word_1_115' title='bbox 1059 1838 1189 1922; x_wconf 80' lang='lat' dir='ltr'><strong>antiqui</strong></span> <span class='ocrx_word' id='word_1_116' title='bbox 1214 1857 1274 1902; x_wconf 89' lang='lat' dir='ltr'><strong>cx·</strong></span> 
     </span>
    </p>
   </div>
   <div class='ocr_carea' id='block_1_5' title="bbox 638 2001 816 2022">
    <p class='ocr_par' dir='ltr' id='par_1_7' title="bbox 638 2001 816 2022">
     <span class='ocr_line' id='line_1_16' title="bbox 638 2001 816 2022; baseline -0.011 0"><span class='ocrx_word' id='word_1_117' title='bbox 638 2001 816 2022; x_wconf 60' lang='lat' dir='ltr'><strong>enmono„</strong></span> 
     </span>
    </p>
   </div>
   <div class='ocr_carea' id='block_1_6' title="bbox 184 2097 1273 2214">
    <p class='ocr_par' dir='ltr' id='par_1_8' title="bbox 184 2097 1273 2214">
     <span class='ocr_line' id='line_1_17' title="bbox 216 2097 1273 2162; baseline 0.003 -16"><span class='ocrx_word' id='word_1_118' title='bbox 216 2103 231 2146; x_wconf 83' lang='lat'><strong>5</strong></span> <span class='ocrx_word' id='word_1_119' title='bbox 249 2099 396 2162; x_wconf 77' lang='lat' dir='ltr'><strong>Legendnm</strong></span> <span class='ocrx_word' id='word_1_120' title='bbox 408 2103 495 2148; x_wconf 86' lang='lat' dir='ltr'><strong>monet</strong></span> <span class='ocrx_word' id='word_1_121' title='bbox 506 2099 573 2150; x_wconf 85' lang='lat' dir='ltr'><strong>Dae.</strong></span> <span class='ocrx_word' id='word_1_122' title='bbox 589 2105 619 2148; x_wconf 92' lang='lat' dir='ltr'><strong>nt</strong></span> <span class='ocrx_word' id='word_1_123' title='bbox 635 2098 661 2147; x_wconf 89' lang='lat' dir='ltr'><strong>in</strong></span> <span class='ocrx_word' id='word_1_124' title='bbox 678 2104 732 2148; x_wconf 82' lang='lat' dir='ltr'><strong>ret.</strong></span> <span class='ocrx_word' id='word_1_125' title='bbox 748 2097 806 2146; x_wconf 88' lang='lat' dir='ltr'><strong>cod.</strong></span> <span class='ocrx_word' id='word_1_126' title='bbox 823 2098 924 2146; x_wconf 76' lang='lat' dir='ltr'><strong>materia</strong></span> <span class='ocrx_word' id='word_1_127' title='bbox 942 2097 1059 2162; x_wconf 80' lang='lat' dir='ltr'><strong>raturtec,</strong></span> <span class='ocrx_word' id='word_1_128' title='bbox 1075 2097 1115 2148; x_wconf 83' lang='lat' dir='ltr'><strong>rei</strong></span> <span class='ocrx_word' id='word_1_129' title='bbox 1134 2099 1239 2150; x_wconf 75' lang='lat' dir='ltr'><strong>roborem</strong></span> <span class='ocrx_word' id='word_1_130' title='bbox 1240 2121 1273 2138; x_wconf 85' lang='lat'><strong>·-</strong></span> 
     </span>
     <span class='ocr_line' id='line_1_18' title="bbox 184 2159 469 2214; baseline 0.007 -5"><span class='ocrx_word' id='word_1_131' title='bbox 184 2162 245 2213; x_wconf 84' lang='lat' dir='ltr'><strong>Vct.</strong></span> <span class='ocrx_word' id='word_1_132' title='bbox 258 2163 315 2214; x_wconf 87' lang='lat' dir='ltr'><strong>cod.</strong></span> <span class='ocrx_word' id='word_1_133' title='bbox 325 2159 469 2212; x_wconf 70' lang='lat' dir='ltr'><strong>Sodicr&#39;tcre.</strong></span> 
     </span>
    </p>
   </div>
   <div class='ocr_carea' id='block_1_7' title="bbox 676 2302 781 2360">
    <p class='ocr_par' dir='ltr' id='par_1_9' title="bbox 676 2302 781 2360">
     <span class='ocr_line' id='line_1_19' title="bbox 676 2302 781 2360; baseline -0.019 0"><span class='ocrx_word' id='word_1_134' title='bbox 676 2302 781 2360; x_wconf 71' lang='lat' dir='ltr'>NOTAE</span> 
     </span>
    </p>
   </div>
   <div class='ocr_carea' id='block_1_8' title="bbox 139 2419 1273 4216">
    <p class='ocr_par' dir='ltr' id='par_1_10' title="bbox 182 2419 1273 2562">
     <span class='ocr_line' id='line_1_20' title="bbox 182 2419 1273 2488; baseline 0 -16"><span class='ocrx_word' id='word_1_135' title='bbox 182 2421 304 2473; x_wconf 76' lang='lat' dir='ltr'><strong>aGraecc</strong></span> <span class='ocrx_word' id='word_1_136' title='bbox 316 2419 391 2487; x_wconf 74' lang='lat' dir='ltr'><strong>datar,</strong></span> <span class='ocrx_word' id='word_1_137' title='bbox 404 2423 514 2488; x_wconf 85' lang='lat' dir='ltr'><strong>‘peliir,&#39;</strong></span> <span class='ocrx_word' id='word_1_138' title='bbox 530 2419 611 2473; x_wconf 80' lang='lat' dir='ltr'><strong>tolear</strong></span> <span class='ocrx_word' id='word_1_139' title='bbox 629 2423 709 2473; x_wconf 85' lang='lat' dir='ltr'><strong>dedu·</strong></span> <span class='ocrx_word' id='word_1_140' title='bbox 744 2423 805 2482; x_wconf 64' lang='lat' dir='ltr'><strong>rica</strong></span> <span class='ocrx_word' id='word_1_141' title='bbox 815 2423 876 2484; x_wconf 77' lang='lat' dir='ltr'><strong>quod</strong></span> <span class='ocrx_word' id='word_1_142' title='bbox 887 2421 964 2471; x_wconf 78' lang='lat' dir='ltr'><strong>eareat</strong></span> <span class='ocrx_word' id='word_1_143' title='bbox 974 2425 1047 2470; x_wconf 81' lang='lat' dir='ltr'><strong>tctae:</strong></span> <span class='ocrx_word' id='word_1_144' title='bbox 1064 2419 1171 2478; x_wconf 71' lang='lat' dir='ltr'><strong>uimde,</strong></span> <span class='ocrx_word' id='word_1_145' title='bbox 1180 2421 1273 2472; x_wconf 63' lang='grc' dir='ltr'><strong>ΜΗ</strong></span> 
     </span>
     <span class='ocr_line' id='line_1_21' title="bbox 183 2498 1272 2562; baseline 0 -15"><span class='ocrx_word' id='word_1_146' title='bbox 183 2499 227 2548; x_wconf 83' lang='lat' dir='ltr'><strong>cit.</strong></span> <span class='ocrx_word' id='word_1_147' title='bbox 246 2500 319 2548; x_wconf 84' lang='lat' dir='ltr'><strong>Idem.</strong></span> <span class='ocrx_word' id='word_1_148' title='bbox 744 2499 849 2562; x_wconf 77' lang='lat' dir='ltr'><strong>videtur,</strong></span> <span class='ocrx_word' id='word_1_149' title='bbox 860 2499 919 2546; x_wconf 82' lang='lat' dir='ltr'><strong>iliud</strong></span> <span class='ocrx_word' id='word_1_150' title='bbox 926 2499 990 2560; x_wconf 74' lang='lat' dir='ltr'><strong>qnod</strong></span> <span class='ocrx_word' id='word_1_151' title='bbox 1004 2499 1038 2545; x_wconf 82' lang='lat' dir='ltr'><strong>eit</strong></span> <span class='ocrx_word' id='word_1_152' title='bbox 1055 2501 1129 2546; x_wconf 82' lang='lat' dir='ltr'><strong>totum</strong></span> <span class='ocrx_word' id='word_1_153' title='bbox 1139 2498 1175 2546; x_wconf 82' lang='lat' dir='ltr'><strong>uit</strong></span> <span class='ocrx_word' id='word_1_154' title='bbox 1184 2499 1272 2547; x_wconf 72' lang='lat' dir='ltr'><strong>dictante</strong></span> 
     </span>
    </p>

    <p class='ocr_par' dir='ltr' id='par_1_11' title="bbox 180 2573 1272 3169">
     <span class='ocr_line' id='line_1_22' title="bbox 214 2573 1272 2639; baseline -0.001 -16"><span class='ocrx_word' id='word_1_155' title='bbox 214 2573 370 2625; x_wconf 79' lang='lat' dir='ltr'><strong>¹¹Suiicitme</strong></span> <span class='ocrx_word' id='word_1_156' title='bbox 392 2577 486 2639; x_wconf 77' lang='lat' dir='ltr'><strong>quidam</strong></span> <span class='ocrx_word' id='word_1_157' title='bbox 507 2575 595 2624; x_wconf 83' lang='lat' dir='ltr'><strong>dictum</strong></span> <span class='ocrx_word' id='word_1_158' title='bbox 612 2573 709 2637; x_wconf 81' lang='lat' dir='ltr'><strong>putant]</strong></span> <span class='ocrx_word' id='word_1_159' title='bbox 743 2573 853 2621; x_wconf 71' lang='lat' dir='ltr'><strong>solidum.</strong></span> <span class='ocrx_word' id='word_1_160' title='bbox 872 2573 943 2621; x_wconf 79' lang='lat' dir='ltr'><strong>Nihil</strong></span> <span class='ocrx_word' id='word_1_161' title='bbox 956 2575 1058 2621; x_wconf 88' lang='lat' dir='ltr'><strong>omnino</strong></span> <span class='ocrx_word' id='word_1_162' title='bbox 1071 2574 1272 2634; x_wconf 74' lang='lat' dir='ltr'><strong>pretermissum</strong></span> 
     </span>
     <span class='ocr_line' id='line_1_23' title="bbox 181 2648 1270 2714; baseline 0.001 -15"><span class='ocrx_word' id='word_1_163' title='bbox 181 2649 290 2714; x_wconf 80' lang='lat' dir='ltr'><strong>Integra</strong></span> <span class='ocrx_word' id='word_1_164' title='bbox 309 2652 380 2701; x_wconf 77' lang='lat' dir='ltr'><strong>Festi</strong></span> <span class='ocrx_word' id='word_1_165' title='bbox 407 2653 489 2700; x_wconf 82' lang='lat' dir='ltr'><strong>rerba</strong></span> <span class='ocrx_word' id='word_1_166' title='bbox 507 2649 582 2700; x_wconf 77' lang='lat' dir='ltr'><strong>affert</strong></span> <span class='ocrx_word' id='word_1_167' title='bbox 601 2652 706 2714; x_wconf 83' lang='lat' dir='ltr'><strong>Caipm·</strong></span> <span class='ocrx_word' id='word_1_168' title='bbox 745 2657 786 2698; x_wconf 80' lang='lat' dir='ltr'><strong>ert</strong></span> <span class='ocrx_word' id='word_1_169' title='bbox 797 2649 829 2697; x_wconf 85' lang='lat' dir='ltr'><strong>de</strong></span> <span class='ocrx_word' id='word_1_170' title='bbox 841 2651 969 2698; x_wconf 74' lang='lat' dir='ltr'><strong>tentantia</strong></span> <span class='ocrx_word' id='word_1_171' title='bbox 982 2649 1061 2713; x_wconf 83' lang='lat' dir='ltr'><strong>Festi,</strong></span> <span class='ocrx_word' id='word_1_172' title='bbox 1071 2649 1181 2700; x_wconf 73' lang='lat' dir='ltr'><strong>tortasse</strong></span> <span class='ocrx_word' id='word_1_173' title='bbox 1193 2663 1226 2699; x_wconf 89' lang='lat' dir='ltr'><strong>ne</strong></span> <span class='ocrx_word' id='word_1_174' title='bbox 1238 2648 1270 2700; x_wconf 84' lang='lat' dir='ltr'><strong>de</strong></span> 
     </span>
     <span class='ocr_line' id='line_1_24' title="bbox 181 2723 1271 2788; baseline -0.001 -14"><span class='ocrx_word' id='word_1_175' title='bbox 181 2727 238 2774; x_wconf 84' lang='lat' dir='ltr'><strong>nim</strong></span> <span class='ocrx_word' id='word_1_176' title='bbox 251 2727 283 2774; x_wconf 85' lang='lat' dir='ltr'><strong>ad</strong></span> <span class='ocrx_word' id='word_1_177' title='bbox 295 2727 400 2776; x_wconf 77' lang='lat' dir='ltr'><strong>Terent.</strong></span> <span class='ocrx_word' id='word_1_178' title='bbox 411 2727 590 2775; x_wconf 80' lang='lat' dir='ltr'><strong>Heautontim.</strong></span> <span class='ocrx_word' id='word_1_179' title='bbox 603 2733 706 2777; x_wconf 79' lang='lat' dir='ltr'><strong>actm.</strong></span> <span class='ocrx_word' id='word_1_180' title='bbox 744 2725 831 2772; x_wconf 78' lang='lat' dir='ltr'><strong>terbir</strong></span> <span class='ocrx_word' id='word_1_181' title='bbox 843 2725 955 2788; x_wconf 88' lang='lat' dir='ltr'><strong>quidem.</strong></span> <span class='ocrx_word' id='word_1_182' title='bbox 988 2723 1137 2788; x_wconf 76' lang='lat' dir='ltr'><strong>‘Erigssar&#39;e</strong></span> <span class='ocrx_word' id='word_1_183' title='bbox 1152 2723 1271 2787; x_wconf 73' lang='lat' dir='ltr'><strong>turgendi</strong></span> 
     </span>
     <span class='ocr_line' id='line_1_25' title="bbox 180 2801 1271 2866; baseline 0.002 -17"><span class='ocrx_word' id='word_1_184' title='bbox 180 2815 219 2850; x_wconf 85' lang='lat' dir='ltr'><strong>rc.</strong></span> <span class='ocrx_word' id='word_1_185' title='bbox 232 2806 254 2850; x_wconf 89' lang='lat'><strong>1.</strong></span> <span class='ocrx_word' id='word_1_186' title='bbox 270 2801 420 2850; x_wconf 77' lang='lat' dir='ltr'><strong>‘Scitcitare</strong></span> <span class='ocrx_word' id='word_1_187' title='bbox 431 2802 534 2866; x_wconf 84' lang='lat' dir='ltr'><strong>quidam</strong></span> <span class='ocrx_word' id='word_1_188' title='bbox 548 2803 648 2851; x_wconf 75' lang='lat' dir='ltr'><strong>&#39;dictum</strong></span> <span class='ocrx_word' id='word_1_189' title='bbox 660 2815 706 2866; x_wconf 83' lang='lat' dir='ltr'><strong>pn-</strong></span> <span class='ocrx_word' id='word_1_190' title='bbox 745 2801 837 2851; x_wconf 81' lang='lat' dir='ltr'><strong>canra&#39;</strong></span> <span class='ocrx_word' id='word_1_191' title='bbox 857 2809 897 2852; x_wconf 83' lang='lat' dir='ltr'><strong>ert</strong></span> <span class='ocrx_word' id='word_1_192' title='bbox 913 2802 976 2852; x_wconf 85' lang='lat' dir='ltr'><strong>data</strong></span> <span class='ocrx_word' id='word_1_193' title='bbox 991 2817 1070 2866; x_wconf 87' lang='lat' dir='ltr'><strong>opera</strong></span> <span class='ocrx_word' id='word_1_194' title='bbox 1086 2807 1143 2866; x_wconf 81' lang='lat' dir='ltr'><strong>port</strong></span> <span class='ocrx_word' id='word_1_195' title='bbox 1161 2803 1271 2851; x_wconf 83' lang='lat' dir='ltr'><strong>mediam</strong></span> 
     </span>
     <span class='ocr_line' id='line_1_26' title="bbox 181 2875 1271 2940; baseline 0.001 -15"><span class='ocrx_word' id='word_1_196' title='bbox 181 2883 240 2925; x_wconf 84' lang='lat' dir='ltr'><strong>tant</strong></span> <span class='ocrx_word' id='word_1_197' title='bbox 249 2875 328 2924; x_wconf 82' lang='lat' dir='ltr'><strong>reinti</strong></span> <span class='ocrx_word' id='word_1_198' title='bbox 339 2877 422 2925; x_wconf 86' lang='lat' dir='ltr'><strong>citare</strong></span> <span class='ocrx_word' id='word_1_199' title='bbox 434 2891 466 2926; x_wconf 85' lang='lat' dir='ltr'><strong>ex</strong></span> <span class='ocrx_word' id='word_1_200' title='bbox 483 2878 547 2939; x_wconf 79' lang='lat' dir='ltr'><strong>acic,</strong></span> <span class='ocrx_word' id='word_1_201' title='bbox 555 2879 604 2927; x_wconf 88' lang='lat' dir='ltr'><strong>ircc</strong></span> <span class='ocrx_word' id='word_1_202' title='bbox 615 2886 664 2933; x_wconf 84' lang='lat' dir='ltr'><strong>art,</strong></span> <span class='ocrx_word' id='word_1_203' title='bbox 675 2893 707 2926; x_wconf 78' lang='lat' dir='ltr'><strong>cx</strong></span> <span class='ocrx_word' id='word_1_204' title='bbox 744 2879 846 2927; x_wconf 82' lang='lat' dir='ltr'><strong>noctem</strong></span> <span class='ocrx_word' id='word_1_205' title='bbox 854 2885 1035 2940; x_wconf 79' lang='lat' dir='ltr'><strong>experrectum</strong></span> <span class='ocrx_word' id='word_1_206' title='bbox 1044 2878 1147 2926; x_wconf 86' lang='lat' dir='ltr'><strong>riientic</strong></span> <span class='ocrx_word' id='word_1_207' title='bbox 1158 2891 1271 2940; x_wconf 74' lang='lat' dir='ltr'><strong>turgere,</strong></span> 
     </span>
     <span class='ocr_line' id='line_1_27' title="bbox 181 2952 1271 3016; baseline 0.003 -16"><span class='ocrx_word' id='word_1_208' title='bbox 181 2965 228 3000; x_wconf 84' lang='lat' dir='ltr'><strong>ano</strong></span> <span class='ocrx_word' id='word_1_209' title='bbox 239 2952 295 3002; x_wconf 80' lang='lat' dir='ltr'><strong>lucc</strong></span> <span class='ocrx_word' id='word_1_210' title='bbox 305 2967 335 3001; x_wconf 88' lang='lat' dir='ltr'><strong>ac</strong></span> <span class='ocrx_word' id='word_1_211' title='bbox 345 2953 473 3002; x_wconf 74' lang='lat' dir='ltr'><strong>sententia</strong></span> <span class='ocrx_word' id='word_1_212' title='bbox 483 2967 603 3001; x_wconf 85' lang='lat' dir='ltr'><strong>movere:</strong></span> <span class='ocrx_word' id='word_1_213' title='bbox 623 2954 704 3002; x_wconf 80' lang='lat' dir='ltr'><strong>coium</strong></span> <span class='ocrx_word' id='word_1_214' title='bbox 744 2953 894 3016; x_wconf 71' lang='lat' dir='ltr'><strong>antrpicandi</strong></span> <span class='ocrx_word' id='word_1_215' title='bbox 906 2967 997 3002; x_wconf 74' lang='lat' dir='ltr'><strong>cauta:</strong></span> <span class='ocrx_word' id='word_1_216' title='bbox 1015 2952 1052 3001; x_wconf 87' lang='lat' dir='ltr'><strong>ita</strong></span> <span class='ocrx_word' id='word_1_217' title='bbox 1064 2953 1130 3002; x_wconf 83' lang='lat' dir='ltr'><strong>enim</strong></span> <span class='ocrx_word' id='word_1_218' title='bbox 1138 2953 1271 3016; x_wconf 80' lang='lat' dir='ltr'><strong>aurpican·</strong></span> 
     </span>
     <span class='ocr_line' id='line_1_28' title="bbox 180 3025 1272 3091; baseline 0.005 -17"><span class='ocrx_word' id='word_1_219' title='bbox 180 3033 267 3075; x_wconf 82' lang='lat' dir='ltr'><strong>autam</strong></span> <span class='ocrx_word' id='word_1_220' title='bbox 289 3025 350 3090; x_wconf 84' lang='lat' dir='ltr'><strong>qnin</strong></span> <span class='ocrx_word' id='word_1_221' title='bbox 382 3025 510 3088; x_wconf 77' lang='lat' dir='ltr'><strong>aigniiicet</strong></span> <span class='ocrx_word' id='word_1_222' title='bbox 530 3027 633 3083; x_wconf 83' lang='lat' dir='ltr'><strong>iocum,’</strong></span> <span class='ocrx_word' id='word_1_223' title='bbox 655 3030 704 3077; x_wconf 71' lang='lat' dir='ltr'><strong>duc.</strong></span> <span class='ocrx_word' id='word_1_224' title='bbox 745 3030 812 3080; x_wconf 72' lang='lat' dir='ltr'><strong>tibus</strong></span> <span class='ocrx_word' id='word_1_225' title='bbox 828 3045 883 3080; x_wconf 70' lang='lat' dir='ltr'><strong>mcc</strong></span> <span class='ocrx_word' id='word_1_226' title='bbox 899 3029 1272 3091; x_wconf 80' lang='lat' dir='ltr'><strong>cratinaciidareiiaredere,</strong></span> 
     </span>
     <span class='ocr_line' id='line_1_29' title="bbox 180 3099 1271 3169; baseline 0.005 -20"><span class='ocrx_word' id='word_1_227' title='bbox 180 3099 253 3150; x_wconf 79' lang='lat' dir='ltr'><strong>idem.</strong></span> <span class='ocrx_word' id='word_1_228' title='bbox 745 3104 1053 3169; x_wconf 80' lang='lat' dir='ltr'><strong>utcrrprain‘siientin’</strong></span> <span class='ocrx_word' id='word_1_229' title='bbox 1065 3101 1185 3152; x_wconf 78' lang='lat' dir='ltr'><strong>refertur.</strong></span> <span class='ocrx_word' id='word_1_230' title='bbox 1202 3105 1271 3155; x_wconf 81' lang='lat' dir='ltr'><strong>Ret-</strong></span> 
     </span>
    </p>

    <p class='ocr_par' dir='ltr' id='par_1_12' title="bbox 178 3173 1271 3839">
     <span class='ocr_line' id='line_1_30' title="bbox 213 3173 1270 3237; baseline 0.006 -15"><span class='ocrx_word' id='word_1_231' title='bbox 213 3174 221 3208; x_wconf 82' lang='lat'><strong>¹</strong></span> <span class='ocrx_word' id='word_1_232' title='bbox 235 3175 318 3226; x_wconf 72' lang='lat' dir='ltr'><strong>Sciida</strong></span> <span class='ocrx_word' id='word_1_233' title='bbox 328 3173 397 3237; x_wconf 80' lang='lat' dir='ltr'><strong>teila]</strong></span> <span class='ocrx_word' id='word_1_234' title='bbox 420 3173 512 3224; x_wconf 79' lang='lat' dir='ltr'><strong>Fertur</strong></span> <span class='ocrx_word' id='word_1_235' title='bbox 527 3173 630 3223; x_wconf 79' lang='lat' dir='ltr'><strong>uidetur</strong></span> <span class='ocrx_word' id='word_1_236' title='bbox 639 3175 704 3224; x_wconf 86' lang='lat' dir='ltr'><strong>Ver·</strong></span> <span class='ocrx_word' id='word_1_237' title='bbox 745 3185 772 3229; x_wconf 88' lang='lat' dir='ltr'><strong>te</strong></span> <span class='ocrx_word' id='word_1_238' title='bbox 783 3188 868 3228; x_wconf 80' lang='lat' dir='ltr'><strong>cutem</strong></span> <span class='ocrx_word' id='word_1_239' title='bbox 880 3179 989 3227; x_wconf 74' lang='lat' dir='ltr'><strong>Verrius</strong></span> <span class='ocrx_word' id='word_1_240' title='bbox 1007 3177 1117 3226; x_wconf 77' lang='lat' dir='ltr'><strong>‘aolidae</strong></span> <span class='ocrx_word' id='word_1_241' title='bbox 1128 3178 1219 3228; x_wconf 77' lang='lat' dir='ltr'><strong>reliat’</strong></span> <span class='ocrx_word' id='word_1_242' title='bbox 1232 3187 1270 3228; x_wconf 89' lang='lat' dir='ltr'><strong>tc·</strong></span> 
     </span>
     <span class='ocr_line' id='line_1_31' title="bbox 180 3249 1270 3316; baseline 0.003 -16"><span class='ocrx_word' id='word_1_243' title='bbox 180 3251 245 3300; x_wconf 91' lang='lat' dir='ltr'><strong>rinnr</strong></span> <span class='ocrx_word' id='word_1_244' title='bbox 256 3251 445 3316; x_wconf 78' lang='lat' dir='ltr'><strong>reprehendere</strong></span> <span class='ocrx_word' id='word_1_245' title='bbox 457 3252 482 3298; x_wconf 89' lang='lat' dir='ltr'><strong>in</strong></span> <span class='ocrx_word' id='word_1_246' title='bbox 492 3249 568 3312; x_wconf 78' lang='lat' dir='ltr'><strong>hujus</strong></span> <span class='ocrx_word' id='word_1_247' title='bbox 578 3249 614 3298; x_wconf 81' lang='lat' dir='ltr'><strong>rei</strong></span> <span class='ocrx_word' id='word_1_248' title='bbox 624 3251 704 3298; x_wconf 85' lang='lat' dir='ltr'><strong>inter·</strong></span> <span class='ocrx_word' id='word_1_249' title='bbox 746 3257 785 3301; x_wconf 79' lang='lat' dir='ltr'><strong>tar</strong></span> <span class='ocrx_word' id='word_1_250' title='bbox 803 3254 1008 3316; x_wconf 83' lang='lat' dir='ltr'><strong>interpretatur:</strong></span> <span class='ocrx_word' id='word_1_251' title='bbox 1034 3265 1091 3300; x_wconf 88' lang='lat' dir='ltr'><strong>nam</strong></span> <span class='ocrx_word' id='word_1_252' title='bbox 1104 3249 1188 3302; x_wconf 80' lang='lat' dir='ltr'><strong>Verrii</strong></span> <span class='ocrx_word' id='word_1_253' title='bbox 1207 3259 1270 3304; x_wconf 87' lang='lat' dir='ltr'><strong>tem·</strong></span> 
     </span>
     <span class='ocr_line' id='line_1_32' title="bbox 178 3323 1271 3392; baseline 0.003 -17"><span class='ocrx_word' id='word_1_254' title='bbox 178 3328 339 3390; x_wconf 84' lang='lat' dir='ltr'><strong>pretatione:</strong></span> <span class='ocrx_word' id='word_1_255' title='bbox 357 3335 383 3376; x_wconf 77' lang='lat' dir='ltr'><strong>ct</strong></span> <span class='ocrx_word' id='word_1_256' title='bbox 392 3325 506 3375; x_wconf 78' lang='lat' dir='ltr'><strong>ostendit</strong></span> <span class='ocrx_word' id='word_1_257' title='bbox 517 3325 634 3388; x_wconf 73' lang='lat' dir='ltr'><strong>religioni</strong></span> <span class='ocrx_word' id='word_1_258' title='bbox 642 3323 702 3374; x_wconf 84' lang='lat' dir='ltr'><strong>inir·</strong></span> <span class='ocrx_word' id='word_1_259' title='bbox 743 3327 847 3392; x_wconf 70' lang='lat' dir='ltr'><strong>paribus</strong></span> <span class='ocrx_word' id='word_1_260' title='bbox 858 3329 934 3390; x_wconf 74' lang='lat' dir='ltr'><strong>vulgo</strong></span> <span class='ocrx_word' id='word_1_261' title='bbox 947 3336 999 3377; x_wconf 88' lang='lat' dir='ltr'><strong>tam</strong></span> <span class='ocrx_word' id='word_1_262' title='bbox 1011 3333 1099 3377; x_wconf 87' lang='lat' dir='ltr'><strong>uctnur</strong></span> <span class='ocrx_word' id='word_1_263' title='bbox 1110 3329 1271 3378; x_wconf 79' lang='lat' dir='ltr'><strong>aratroiidum</strong></span> 
     </span>
     <span class='ocr_line' id='line_1_33' title="bbox 180 3401 1270 3466; baseline 0.003 -15"><span class='ocrx_word' id='word_1_264' title='bbox 180 3417 208 3452; x_wconf 80' lang='lat' dir='ltr'><strong>rc</strong></span> <span class='ocrx_word' id='word_1_265' title='bbox 220 3401 346 3465; x_wconf 76' lang='lat' dir='ltr'><strong>aliquibus</strong></span> <span class='ocrx_word' id='word_1_266' title='bbox 362 3415 412 3450; x_wconf 88' lang='lat' dir='ltr'><strong>mm</strong></span> <span class='ocrx_word' id='word_1_267' title='bbox 429 3401 586 3450; x_wconf 82' lang='lat' dir='ltr'><strong>solidareiia</strong></span> <span class='ocrx_word' id='word_1_268' title='bbox 603 3401 702 3456; x_wconf 78' lang='lat' dir='ltr'><strong>radere,</strong></span> <span class='ocrx_word' id='word_1_269' title='bbox 743 3417 758 3452; x_wconf 83' lang='lat' dir='ltr'><strong>a</strong></span> <span class='ocrx_word' id='word_1_270' title='bbox 774 3405 822 3452; x_wconf 78' lang='lat' dir='ltr'><strong>mic</strong></span> <span class='ocrx_word' id='word_1_271' title='bbox 840 3401 949 3465; x_wconf 87' lang='lat' dir='ltr'><strong>dictum,</strong></span> <span class='ocrx_word' id='word_1_272' title='bbox 965 3415 1039 3466; x_wconf 86' lang='lat' dir='ltr'><strong>quam</strong></span> <span class='ocrx_word' id='word_1_273' title='bbox 1057 3405 1130 3452; x_wconf 79' lang='lat' dir='ltr'><strong>actam</strong></span> <span class='ocrx_word' id='word_1_274' title='bbox 1146 3404 1214 3454; x_wconf 81' lang='lat' dir='ltr'><strong>idam</strong></span> <span class='ocrx_word' id='word_1_275' title='bbox 1227 3421 1270 3454; x_wconf 87' lang='lat' dir='ltr'><strong>ra·</strong></span> 
     </span>
     <span class='ocr_line' id='line_1_34' title="bbox 179 3475 1269 3544; baseline 0.004 -19"><span class='ocrx_word' id='word_1_276' title='bbox 179 3475 247 3542; x_wconf 84' lang='lat' dir='ltr'><strong>qrrcd</strong></span> <span class='ocrx_word' id='word_1_277' title='bbox 259 3482 345 3525; x_wconf 73' lang='lat' dir='ltr'><strong>essent</strong></span> <span class='ocrx_word' id='word_1_278' title='bbox 364 3477 454 3540; x_wconf 78' lang='lat' dir='ltr'><strong>aliquae</strong></span> <span class='ocrx_word' id='word_1_279' title='bbox 474 3479 559 3541; x_wconf 82' lang='lat' dir='ltr'><strong>aliqua</strong></span> <span class='ocrx_word' id='word_1_280' title='bbox 578 3491 609 3526; x_wconf 80' lang='lat' dir='ltr'><strong>cx</strong></span> <span class='ocrx_word' id='word_1_281' title='bbox 629 3485 703 3541; x_wconf 80' lang='lat' dir='ltr'><strong>parte</strong></span> <span class='ocrx_word' id='word_1_282' title='bbox 742 3477 975 3544; x_wconf 61' lang='lat' dir='ltr'><strong>iermqnodtctcm.</strong></span> <span class='ocrx_word' id='word_1_283' title='bbox 1009 3477 1094 3541; x_wconf 79' lang='lat' dir='ltr'><strong>igitur</strong></span> <span class='ocrx_word' id='word_1_284' title='bbox 1106 3477 1173 3528; x_wconf 85' lang='lat' dir='ltr'><strong>idem</strong></span> <span class='ocrx_word' id='word_1_285' title='bbox 1186 3484 1226 3527; x_wconf 79' lang='lat' dir='ltr'><strong>eat</strong></span> <span class='ocrx_word' id='word_1_286' title='bbox 1238 3495 1269 3529; x_wconf 86' lang='lat' dir='ltr'><strong>ac</strong></span> 
     </span>
     <span class='ocr_line' id='line_1_35' title="bbox 178 3551 1270 3615; baseline 0 -15"><span class='ocrx_word' id='word_1_287' title='bbox 178 3558 321 3602; x_wconf 74' lang='lat' dir='ltr'><strong>excavata.</strong></span> <span class='ocrx_word' id='word_1_288' title='bbox 351 3551 528 3614; x_wconf 80' lang='lat' dir='ltr'><strong>Reprehendit</strong></span> <span class='ocrx_word' id='word_1_289' title='bbox 539 3561 624 3600; x_wconf 88' lang='lat' dir='ltr'><strong>antem</strong></span> <span class='ocrx_word' id='word_1_290' title='bbox 636 3553 703 3615; x_wconf 85' lang='lat' dir='ltr'><strong>quod</strong></span> <span class='ocrx_word' id='word_1_291' title='bbox 742 3553 763 3602; x_wconf 83' lang='lat' dir='ltr'><strong>ri</strong></span> <span class='ocrx_word' id='word_1_292' title='bbox 783 3553 900 3614; x_wconf 81' lang='lat' dir='ltr'><strong>dirimet,</strong></span> <span class='ocrx_word' id='word_1_293' title='bbox 919 3553 998 3602; x_wconf 73' lang='lat' dir='ltr'><strong>dicta</strong></span> <span class='ocrx_word' id='word_1_294' title='bbox 1015 3553 1106 3612; x_wconf 73' lang='lat' dir='ltr'><strong>aalide,</strong></span> <span class='ocrx_word' id='word_1_295' title='bbox 1124 3551 1190 3615; x_wconf 84' lang='lat' dir='ltr'><strong>qnod</strong></span> <span class='ocrx_word' id='word_1_296' title='bbox 1205 3555 1270 3614; x_wconf 80' lang='lat' dir='ltr'><strong>rctoe,</strong></span> 
     </span>
     <span class='ocr_line' id='line_1_36' title="bbox 180 3625 1269 3688; baseline -0.001 -12"><span class='ocrx_word' id='word_1_297' title='bbox 180 3627 289 3676; x_wconf 83' lang='lat' dir='ltr'><strong>rciidnm</strong></span> <span class='ocrx_word' id='word_1_298' title='bbox 310 3625 406 3676; x_wconf 77' lang='lat' dir='ltr'><strong>dixerit</strong></span> <span class='ocrx_word' id='word_1_299' title='bbox 425 3633 517 3675; x_wconf 86' lang='lat' dir='ltr'><strong>totam.</strong></span> <span class='ocrx_word' id='word_1_300' title='bbox 552 3627 646 3675; x_wconf 85' lang='lat' dir='ltr'><strong>Cetera</strong></span> <span class='ocrx_word' id='word_1_301' title='bbox 666 3627 703 3674; x_wconf 88' lang='lat' dir='ltr'><strong>in·</strong></span> <span class='ocrx_word' id='word_1_302' title='bbox 742 3627 768 3676; x_wconf 90' lang='lat' dir='ltr'><strong>id</strong></span> <span class='ocrx_word' id='word_1_303' title='bbox 786 3633 924 3685; x_wconf 76' lang='lat' dir='ltr'><strong>est‚tctae.</strong></span> <span class='ocrx_word' id='word_1_304' title='bbox 958 3627 1045 3677; x_wconf 77' lang='lat' dir='ltr'><strong>Quare</strong></span> <span class='ocrx_word' id='word_1_305' title='bbox 1063 3625 1134 3674; x_wconf 84' lang='lat' dir='ltr'><strong>vider</strong></span> <span class='ocrx_word' id='word_1_306' title='bbox 1151 3627 1269 3688; x_wconf 70' lang='lat' dir='ltr'><strong>iric&#39;prae·</strong></span> 
     </span>
     <span class='ocr_line' id='line_1_37' title="bbox 179 3698 1269 3764; baseline -0.002 -14"><span class='ocrx_word' id='word_1_307' title='bbox 179 3705 332 3751; x_wconf 79' lang='lat' dir='ltr'><strong>certarunt.</strong></span> <span class='ocrx_word' id='word_1_308' title='bbox 357 3698 423 3748; x_wconf 83' lang='lat' dir='ltr'><strong>Vide</strong></span> <span class='ocrx_word' id='word_1_309' title='bbox 436 3705 496 3750; x_wconf 84' lang='lat' dir='ltr'><strong>ante</strong></span> <span class='ocrx_word' id='word_1_310' title='bbox 508 3699 705 3749; x_wconf 80' lang='lat' dir='ltr'><strong>‘Silicernium&#39;</strong></span> <span class='ocrx_word' id='word_1_311' title='bbox 741 3701 845 3764; x_wconf 85' lang='lat' dir='ltr'><strong>cipitem</strong></span> <span class='ocrx_word' id='word_1_312' title='bbox 863 3701 934 3750; x_wconf 78' lang='lat' dir='ltr'><strong>Facti</strong></span> <span class='ocrx_word' id='word_1_313' title='bbox 955 3701 1065 3749; x_wconf 81' lang='lat' dir='ltr'><strong>calorem</strong></span> <span class='ocrx_word' id='word_1_314' title='bbox 1085 3701 1111 3747; x_wconf 91' lang='lat' dir='ltr'><strong>in</strong></span> <span class='ocrx_word' id='word_1_315' title='bbox 1131 3701 1269 3762; x_wconf 81' lang='lat' dir='ltr'><strong>reprehen-</strong></span> 
     </span>
     <span class='ocr_line' id='line_1_38' title="bbox 179 3771 1268 3839; baseline -0.001 -14"><span class='ocrx_word' id='word_1_316' title='bbox 179 3775 316 3835; x_wconf 64' lang='lat' dir='ltr'><strong>Anam.</strong></span> <span class='ocrx_word' id='word_1_317' title='bbox 360 3823 366 3834; x_wconf 79' lang='grc'>,</span> <span class='ocrx_word' id='word_1_318' title='bbox 742 3775 895 3838; x_wconf 90' lang='lat' dir='ltr'><strong>dendciiic‚</strong></span> <span class='ocrx_word' id='word_1_319' title='bbox 913 3790 990 3839; x_wconf 81' lang='lat' dir='ltr'><strong>aquo</strong></span> <span class='ocrx_word' id='word_1_320' title='bbox 1010 3771 1268 3824; x_wconf 80' lang='lat' dir='ltr'><strong>tantahnnadidi&#39;cc·</strong></span> 
     </span>
    </p>

    <p class='ocr_par' dir='ltr' id='par_1_13' title="bbox 139 3847 1270 4216">
     <span class='ocr_line' id='line_1_39' title="bbox 211 3847 1267 3912; baseline 0.001 -15"><span class='ocrx_word' id='word_1_321' title='bbox 211 3849 306 3910; x_wconf 76' lang='lat' dir='ltr'><strong>Sotida]</strong></span> <span class='ocrx_word' id='word_1_322' title='bbox 323 3848 404 3898; x_wconf 80' lang='lat' dir='ltr'><strong>Sciida</strong></span> <span class='ocrx_word' id='word_1_323' title='bbox 417 3849 487 3910; x_wconf 64' lang='lat' dir='ltr'><strong>‘celim</strong></span> <span class='ocrx_word' id='word_1_324' title='bbox 498 3849 543 3904; x_wconf 83' lang='lat' dir='ltr'><strong>cit,</strong></span> <span class='ocrx_word' id='word_1_325' title='bbox 558 3849 637 3897; x_wconf 76' lang='lat' dir='ltr'><strong>redere</strong></span> <span class='ocrx_word' id='word_1_326' title='bbox 653 3853 705 3897; x_wconf 75' lang='lat' dir='ltr'><strong>tum</strong></span> <span class='ocrx_word' id='word_1_327' title='bbox 742 3857 790 3901; x_wconf 81' lang='lat' dir='ltr'><strong>rat.</strong></span> <span class='ocrx_word' id='word_1_328' title='bbox 814 3851 908 3900; x_wconf 81' lang='lat' dir='ltr'><strong>Saltem</strong></span> <span class='ocrx_word' id='word_1_329' title='bbox 921 3849 1032 3898; x_wconf 80' lang='lat' dir='ltr'><strong>debebat</strong></span> <span class='ocrx_word' id='word_1_330' title='bbox 1044 3847 1189 3897; x_wconf 74' lang='lat' dir='ltr'><strong>meminisse</strong></span> <span class='ocrx_word' id='word_1_331' title='bbox 1199 3850 1267 3912; x_wconf 87' lang='lat' dir='ltr'><strong>qncd</strong></span> 
     </span>
     <span class='ocr_line' id='line_1_40' title="bbox 178 3920 1270 3988; baseline 0 -15"><span class='ocrx_word' id='word_1_332' title='bbox 178 3925 231 3988; x_wconf 71' lang='lat' dir='ltr'><strong>qaia</strong></span> <span class='ocrx_word' id='word_1_333' title='bbox 240 3925 349 3984; x_wconf 67' lang='lat' dir='ltr'><strong>iubetur,</strong></span> <span class='ocrx_word' id='word_1_334' title='bbox 360 3938 412 3973; x_wconf 81' lang='lat' dir='ltr'><strong>cam</strong></span> <span class='ocrx_word' id='word_1_335' title='bbox 425 3937 494 3973; x_wconf 79' lang='lat' dir='ltr'><strong>mana</strong></span> <span class='ocrx_word' id='word_1_336' title='bbox 503 3925 620 3985; x_wconf 72' lang='lat' dir='ltr'><strong>&#39;turgendi</strong></span> <span class='ocrx_word' id='word_1_337' title='bbox 635 3937 705 3973; x_wconf 78' lang='lat' dir='ltr'><strong>cauta</strong></span> <span class='ocrx_word' id='word_1_338' title='bbox 744 3925 804 3974; x_wconf 75' lang='lat' dir='ltr'><strong>tlibi</strong></span> <span class='ocrx_word' id='word_1_339' title='bbox 816 3931 890 3974; x_wconf 83' lang='lat' dir='ltr'><strong>notat</strong></span> <span class='ocrx_word' id='word_1_340' title='bbox 906 3924 939 3972; x_wconf 87' lang='lat' dir='ltr'><strong>de</strong></span> <span class='ocrx_word' id='word_1_341' title='bbox 952 3925 960 3952; x_wconf 78' lang='lat'><em>⁶</em></span> <span class='ocrx_word' id='word_1_342' title='bbox 971 3920 1123 3976; x_wconf 62' lang='lat' dir='ltr'><strong>cotiicrrcc:</strong></span> <span class='ocrx_word' id='word_1_343' title='bbox 1138 3923 1270 3980; x_wconf 69' lang='lat' dir='ltr'><strong>‘colecta&#39;</strong></span> 
     </span>
     <span class='ocr_line' id='line_1_41' title="bbox 178 3994 1269 4064; baseline -0.002 -13"><span class='ocrx_word' id='word_1_344' title='bbox 178 4003 318 4064; x_wconf 72' lang='lat' dir='ltr'><strong>evigilavit:</strong></span> <span class='ocrx_word' id='word_1_345' title='bbox 335 4001 703 4064; x_wconf 65' lang='lat' dir='ltr'><strong>madanttqm&#39;exprerreaur&#39;a-</strong></span> <span class='ocrx_word' id='word_1_346' title='bbox 743 4007 772 4050; x_wconf 87' lang='lat' dir='ltr'><strong>et</strong></span> <span class='ocrx_word' id='word_1_347' title='bbox 798 3997 936 4049; x_wconf 74' lang='lat' dir='ltr'><strong>‘roienna&#39;</strong></span> <span class='ocrx_word' id='word_1_348' title='bbox 967 3999 1062 4045; x_wconf 83' lang='lat' dir='ltr'><strong>Verum</strong></span> <span class='ocrx_word' id='word_1_349' title='bbox 1085 3994 1202 4058; x_wconf 83' lang='lat' dir='ltr'><strong>proiecto</strong></span> <span class='ocrx_word' id='word_1_350' title='bbox 1232 3999 1269 4050; x_wconf 82' lang='lat' dir='ltr'><strong>ita</strong></span> 
     </span>
     <span class='ocr_line' id='line_1_42' title="bbox 139 4072 1267 4146; baseline -0.002 -18"><span class='ocrx_word' id='word_1_351' title='bbox 139 4121 145 4132; x_wconf 87' lang='lat'><strong><em>.</em></strong></span> <span class='ocrx_word' id='word_1_352' title='bbox 179 4081 266 4128; x_wconf 78' lang='lat' dir='ltr'><strong>terim</strong></span> <span class='ocrx_word' id='word_1_353' title='bbox 283 4081 353 4141; x_wconf 74' lang='lat' dir='ltr'><strong>parta</strong></span> <span class='ocrx_word' id='word_1_354' title='bbox 372 4081 498 4146; x_wconf 63' lang='lat' dir='ltr'><strong>acervatur</strong></span> <span class='ocrx_word' id='word_1_355' title='bbox 523 4075 703 4134; x_wconf 76' lang='lat' dir='ltr'><strong>mfacicbmt</strong></span> <span class='ocrx_word' id='word_1_356' title='bbox 742 4083 798 4128; x_wconf 81' lang='lat' dir='ltr'><strong>ert:</strong></span> <span class='ocrx_word' id='word_1_357' title='bbox 825 4077 856 4124; x_wconf 86' lang='lat' dir='ltr'><strong>ad</strong></span> <span class='ocrx_word' id='word_1_358' title='bbox 874 4072 1121 4139; x_wconf 80' lang='lat' dir='ltr'><strong>reprehendendum,</strong></span> <span class='ocrx_word' id='word_1_359' title='bbox 1136 4088 1211 4137; x_wconf 82' lang='lat' dir='ltr'><strong>qnam</strong></span> <span class='ocrx_word' id='word_1_360' title='bbox 1234 4077 1267 4126; x_wconf 83' lang='lat' dir='ltr'><strong>ad</strong></span> 
     </span>
     <span class='ocr_line' id='line_1_43' title="bbox 179 4147 1268 4216; baseline -0.004 -13"><span class='ocrx_word' id='word_1_361' title='bbox 179 4155 252 4216; x_wconf 74' lang='lat' dir='ltr'><strong>udat,</strong></span> <span class='ocrx_word' id='word_1_362' title='bbox 269 4153 428 4216; x_wconf 68' lang='lat' dir='ltr'><strong>mmcriidar</strong></span> <span class='ocrx_word' id='word_1_363' title='bbox 445 4153 506 4214; x_wconf 81' lang='lat' dir='ltr'><strong>ideo,</strong></span> <span class='ocrx_word' id='word_1_364' title='bbox 521 4151 628 4214; x_wconf 71' lang='lat' dir='ltr'><strong>caudit·</strong></span> <span class='ocrx_word' id='word_1_365' title='bbox 642 4151 704 4200; x_wconf 80' lang='lat' dir='ltr'><strong>aiiii</strong></span> <span class='ocrx_word' id='word_1_366' title='bbox 742 4150 892 4203; x_wconf 79' lang='lat' dir='ltr'><strong>diccendum</strong></span> <span class='ocrx_word' id='word_1_367' title='bbox 902 4147 1083 4215; x_wconf 67' lang='lat' dir='ltr'><strong>propensiores</strong></span> <span class='ocrx_word' id='word_1_368' title='bbox 1095 4161 1189 4202; x_wconf 84' lang='lat' dir='ltr'><strong>ramur.</strong></span> <span class='ocrx_word' id='word_1_369' title='bbox 1206 4149 1268 4202; x_wconf 75' lang='lat' dir='ltr'><strong>Dua.</strong></span> 
     </span>
    </p>
   </div>
   <div class='ocr_carea' id='block_1_9' title="bbox 180 4226 701 4292">
    <p class='ocr_par' dir='ltr' id='par_1_14' title="bbox 180 4226 701 4292">
     <span class='ocr_line' id='line_1_44' title="bbox 180 4226 701 4292; baseline -0.006 -11"><span class='ocrx_word' id='word_1_370' title='bbox 180 4236 232 4282; x_wconf 78' lang='lat' dir='ltr'><strong>erut</strong></span> <span class='ocrx_word' id='word_1_371' title='bbox 242 4243 376 4286; x_wconf 70' lang='lat' dir='ltr'><strong>muttum,</strong></span> <span class='ocrx_word' id='word_1_372' title='bbox 385 4228 542 4292; x_wconf 63' lang='lat' dir='ltr'><strong>capilum,</strong></span> <span class='ocrx_word' id='word_1_373' title='bbox 553 4226 631 4290; x_wconf 72' lang='lat' dir='ltr'><strong>inquit</strong></span> <span class='ocrx_word' id='word_1_374' title='bbox 645 4227 701 4278; x_wconf 75' lang='lat' dir='ltr'><strong>Var-</strong></span> 
     </span>
    </p>
   </div>
   <div class='ocr_carea' id='block_1_10' title="bbox 0 0 1600 4940">
    <p class='ocr_par' dir='ltr' id='par_1_15' title="bbox 0 0 1600 4940">
     <span class='ocr_line' id='line_1_45' title="bbox 0 0 1600 4940; baseline 0 3"><span class='ocrx_word' id='word_1_375' title='bbox 0 0 1600 4940; x_wconf 95' lang='lat' dir='ltr'><strong> </strong></span> 
     </span>
    </p>
   </div>
  </div>
 </body>
</html>
