3190 4940
330 387 378 434 ΒΕ
401 385 606 434 VERBOBUM
630 384 936 434 SlGNlFlGATIONE
960 384 1031 432 ΗΒ.
1056 383 1154 432 XVII·
1223 369 1287 434 90].

202 529 325 613 Stipes⁰
328 527 430 615 fustis
443 539 532 592 terre
547 528 700 592 defixus:
723 525 964 591 Ascanimia.
1042 571 1049 588 .
1131 525 1286 608 .[Fusu.

243 633 349 696 Porro
364 633 503 694 honeste
527 649 620 714 qaam
632 625 762 713 fecerit,
778 627 832 712 qui
853 627 961 711 stipite
981 627 1126 692 hostium
1151 626 1286 710 impulit,

241 742 375 796 vostram
389 730 643 815 implorofidem,
657 730 715 814 qui
728 729 838 792 adestis
894 772 903 791 .
989 771 997 790 .
1086 745 1128 792 .’
1181 773 1190 792 .
1280 760 1286 777 ·

244 878 635 898 .....
679 829 894 907 sensilium,
909 841 944 895 et
987 876 995 892 .
1085 875 1092 892 .
1180 874 1188 892 .

242 958 278 998 us
291 935 325 996 ia
339 933 445 998 tossili
461 934 496 997 in
511 953 564 996 sne
577 933 683 996 luctu⁵
693 931 845 1016 percuss-it
868 930 954 996 latus
969 939 1008 996 ut
1028 931 1160 996 revolso
1183 931 1286 1015 stipite

241 1035 325 1098 saites
341 1038 400 1118 qui
421 1035 517 1119 jactu
539 1031 646 1098 valido
661 1031 813 1117 percussit
829 1018 991 1116 parmam,
1011 1033 1073 1098 nisi
1099 1035 1129 1098 si
1151 1033 1284 1117 stipitem
1312 1099 1314 1106 .

235 1155 351 1219 ponere
374 1137 478 1200 voluit
502 1157 563 1218 pro
587 1134 657 1214 telo,
671 1133 720 1199 oei
739 1133 840 1212 itosta,
863 1133 975 1198 Accius
994 1137 1028 1198 in
1054 1134 1206 1214 Bacchis,
1223 1133 1282 1200 Ec-

240 1236 684 1322 qacm⁶stipitemabiegnuns
699 1244 761 1302 ant
775 1237 909 1300 alienam
987 1283 995 1298 .
1079 1283 1090 1319 .-
1181 1283 1189 1300 .
1276 1285 1285 1302 .

244 1385 639 1406 .....
683 1359 724 1402 us
740 1339 902 1402 Ennius».
989 1385 997 1400 .
1085 1385 1092 1401 .
1181 1385 1188 1400 .
1278 1385 1285 1400 .

241 1485 633 1504 .....
676 1441 799 1524 stipites
813 1441 951 1522 abiegno
985 1486 994 1504 .
1082 1485 1091 1504 .
1181 1485 1188 1500 .

243 1587 639 1607 .....
685 1542 900 1623 estipitem.
988 1585 996 1602 .
1083 1586 1092 1602 .
1179 1583 1188 1600 .
1276 1588 1283 1602 .

243 1687 636 1706 .....
678 1643 834 1706 interemit
845 1663 930 1719 eum,
941 1661 1009 1724 qua
1080 1691 1087 1704 .
1180 1688 1186 1702 .
1276 1689 1283 1704 .

198 1743 341 1828 Stipitem
354 1745 480 1827 arripit.

196 1845 402 1928 stupeatis
415 1843 582 1908 aussculiuo
602 1864 714 1930 genere
730 1845 859 1927 antiqui
877 1855 1070 1928 usurparunt
1080 1867 1140 1930 pro
1156 1867 1190 1908 eo
1202 1843 1285 1929 quod

237 1958 281 2010 est
284 1945 426 2033 sumina
449 1945 660 2029 metaphorice
674 1945 816 2024 diceutes,
827 1944 925 2030 poitoe
940 1966 1015 2030 quae
1030 1968 1116 2012 nunc
1137 1945 1283 2032 infami-

238 2047 310 2110 niuo
319 2045 486 2133 prosecant
498 2066 618 2132 genere.
657 2049 775 2112 Livius
787 2053 815 2107 :‘¹
838 2044 1136 2133 tradamsamilias¹
1146 2067 1281 2132 quorun-

225 2353 240 2396 5
259 2347 307 2397 Ed.
320 2346 474 2408 sculdasius
491 2354 518 2397 ct
528 2347 565 2400 its
575 2347 711 2413 legendam
721 2354 809 2397 monet
823 2347 940 2398 Dae-6
956 2345 1021 2396 Ead.
1033 2345 1184 2410 adaequem

687 2525 792 2577 NOTAE

224 2639 341 2702 ‘'Stipes]
364 2639 501 2689 citabatur
522 2638 655 2702 Afranius,
671 2640 716 2704 qui
757 2641 871 2704 pitantes
890 2639 954 2689 iecit
972 2638 1163 2690 illustrissimus
1185 2639 1281 2689 Gerar·

191 2714 301 2775 asseras,
317 2716 399 2778 stipite
417 2716 503 2766 ostium
523 2716 636 2779 impulit:
653 2717 716 2766 itera
756 2715 804 2764 dus
815 2715 927 2766 Josnncs
938 2715 1053 2775 Vossius,
1065 2729 1122 2762 cuns
1132 2715 1280 2764 ialucalcn·

191 2788 279 2840 Attius
292 2791 317 2840 iu
329 2791 491 2856 Menalippa,
508 2792 551 2856 qui
566 2791 667 2841 dixerit
677 2806 715 2842 re·
756 2791 861 2842 tissimis
871 2791 942 2840 libris
953 2791 1006 2840 suis
1017 2790 1049 2840 de
1065 2790 1194 2840 historicis
1211 2791 1279 2840 Lati·

191 2867 254 2914 sodo
264 2866 388 2928 dipticis
400 2867 425 2914 in
438 2867 563 2916 Bscchis:
576 2867 715 2922 scusatos.
757 2867 795 2916 nis
807 2867 851 2915 lib.
868 2880 910 2915 sss.
921 2881 978 2928 cap.
997 2869 1035 2914 12.
1052 2879 1103 2914 uon
1123 2866 1219 2916 vesitus
1238 2873 1281 2916 est

191 2941 235 3005 qui
248 2942 312 2990 disis
324 2943 416 3005 stipites
426 2943 543 3004 aitegm
559 2943 613 2996 Jos.
623 2944 693 2992 Scal.
756 2941 883 2992 affirmare
899 2941 1029 2990 historicis
1047 2955 1184 3004 perperam
1200 2955 1279 2990 annis·

222 3015 315 3080 Stipes]
340 3017 372 3068 lu
391 3019 475 3066 serbis
495 3017 595 3068 Afranii
613 3019 714 3068 tactim
755 3018 959 3068 asersriLisiusn
973 3015 1146 3066 Andronicum
1163 3016 1279 3080 salsoque

191 3106 239 3154 pso
254 3093 348 3140 ostissm.
382 3093 419 3141 Ut
444 3107 521 3157 snpra
546 3096 572 3144 in
597 3093 715 3155 ‘serapii
755 3093 823 3156 apud
841 3092 992 3142 Diomedem
1010 3092 1279 3156 lisuncensis&

189 3165 289 3218 uesieu
308 3183 354 3230 pro
374 3167 463 3218 meeis.
497 3167 570 3221 laiss
587 3185 635 3234 pro
651 3171 716 3218 tactu
755 3182 801 3231 pso
825 3167 914 3216 Ennio.
946 3165 1079 3214 Diomadis
1103 3167 1182 3214 uerba
1198 3174 1277 3216 sont:

188 3243 326 3306 legendum
337 3243 415 3304 jactu.
447 3245 557 3310 Reliqua
580 3245 715 3310 deplorata
755 3244 839 3306 ‘Epos
854 3243 968 3292 Latinnm
982 3241 1164 3304 priasasdigue
1174 3243 1280 3306 scripsit

190 3328 260 3367 sunt.
278 3319 340 3370 Das.
755 3321 902 3384 liuius,qui
915 3333 957 3368 rcs
968 3321 1137 3370 Romanorum
1150 3321 1280 3372 decentet

222 3401 235 3436 Ρ
252 3395 317 3444 Sti..
328 3395 348 3457 .]
363 3396 406 3445 Dc
418 3398 499 3460 stirps
516 3397 621 3448 Festum
633 3399 714 3462 sosip-
755 3404 815 3448 octo
827 3397 976 3460 complexus
988 3405 1029 3445 ast
1040 3397 1113 3446 libris
1124 3413 1130 3442 :
1140 3397 1183 3460 qui
1194 3405 1222 3446 ct
1234 3413 1278 3448 sn·

188 3471 253 3518 sisse
272 3479 362 3530 asserti
379 3471 542 3533 intelligitur,
553 3487 606 3520 sam
616 3487 714 3523 mesco·
755 3473 826 3522 nates
842 3471 1022 3532 inscribuntur,
1039 3471 1106 3534 quod
1121 3471 1277 3534 singulorum

190 3545 240 3594 line
252 3559 352 3607 quoquc
363 3545 423 3594 dici.
456 3545 522 3603 Vide
538 3548 676 3609 ‘Spicum,'
687 3557 715 3598 ct
754 3545 935 3596 tertianorum
945 3553 1018 3596 actus
1025 3545 1192 3596 contineant!
1202 3546 1278 3601 Hunc

188 3620 321 3684 ‘Specus’
332 3623 378 3670 et⁴
392 3619 490 3670 Recte!
510 3622 571 3672 Ast.
582 3624 648 3686 Aug.
755 3623 905 3674 Diomedem
926 3631 1028 3672 secutus
1046 3623 1140 3672 Catius
1155 3622 1278 3687 Rhodigi·

222 3695 333 3758 Sti...]
350 3697 486 3746 citabatur
498 3697 594 3748 Essnius
606 3701 713 3763 quistis-
754 3715 801 3748 uus
822 3699 866 3748 tib.
887 3712 936 3746 νη.
958 3713 1016 3760 cap.
1034 3703 1058 3746 t.
1093 3697 1209 3760 ‘Epicu'
1226 3699 1277 3761 (in-

186 3789 239 3836 pias
257 3773 322 3822 dixit
345 3773 505 3824 masculino:
531 3775 633 3824 Niass'sss
652 3777 713 3840 Pyr·
753 3773 823 3838 quit)
836 3775 844 3802 ‘
855 3773 933 3838 digne
944 3774 1054 3822 oninium
1067 3773 1161 3836 'scissus
1173 3773 1276 3834 scripsit

188 3851 252 3904 stus.
271 3849 308 3898 ast
327 3853 464 3910 amarant,
479 3864 495 3898 a
508 3849 583 3913 stis-pi
598 3865 713 3914 suprema.
753 3851 850 3908 Livius,
868 3851 911 3914 qui
932 3850 1021 3898 dcccsn
1033 3857 1060 3898 st
1070 3857 1128 3898 octo
1140 3849 1212 3896 libris
1225 3851 1275 3898 Ro·

189 3925 244 3977 Jos.
258 3925 325 3974 scat.
751 3940 884 3974 manorum
898 3939 938 3972 res
950 3933 1035 3988 gestas
1045 3923 1211 3986 perscripsit!
1229 3925 1274 3973 Sa-

218 4001 343 4064 sLisisss]
361 3999 459 4049 Livium
479 3998 654 4050 Andronicum
672 4001 711 4050 in·
752 4002 806 4050 coti
821 4006 848 4049 st
866 4000 988 4048 strateius
1004 4001 1028 4047 io
1042 3999 1274 4059 Bibliotlsecs‚Po-

187 4078 289 4140 tellige:
304 4089 379 4138 quens
389 4089 422 4124 ax
430 4076 476 4124 lsoc
486 4075 542 4126 loco
550 4075 710 4126 historiarum
752 4077 892 4140 {salinicrus
912 4077 956 4124 tto.
968 4089 994 4124 s.
1004 4075 1037 4123 ds
1048 4075 1184 4138 historicis,
1194 4077 1274 4126 Glan.

185 4153 239 4202 sive
266 4151 396 4200 annalium
423 4150 502 4200 fibros
528 4151 711 4213 conscripsisse
751 4152 856 4214 dospios
874 4153 898 4202 in
916 4150 1274 4204 Onomasticosoce⁴1ivius

186 4235 348 4281 oestumest.
382 4225 509 4294 Adeoque
526 4227 601 4280 nimis
618 4229 711 4292 prasci·
751 4225 931 4283 miscuistis?
970 4227 1042 4279 Quos
1062 4240 1150 4278 omncs
1172 4229 1274 4280 Diome-
