3180 4920
314 411 382 476 740
653 423 766 472 srxrr
791 421 943 472 sauneri
968 421 1072 472 rnsrr

318 568 463 651 Regium
477 565 724 650 est,qnodest,
740 565 991 648 autfnitrogis.
1271 563 1404 646 [Patre.

316 667 494 752 llolagutiu
515 668 667 732 dicontur
677 669 825 751 proprie,
843 668 965 750 quibus
978 664 1183 749 ignominiae,
1199 671 1258 729 ant
1282 667 1404 752 [Fusr.

356 787 468 852 porum
482 787 587 832 cauea
601 787 735 833 necesse
750 775 801 832 est
815 769 859 832 ab
874 768 956 830 urbe
969 766 1092 844 Roma,
1109 767 1220 830 aliove
1240 786 1308 850 qao
1329 767 1405 831 loco

356 869 476 933 abesse
497 869 582 952 lege,
603 867 818 952 Senatnsqne
844 868 1012 946 consulto,
1028 867 1211 934 antedicto
1230 870 1406 952 magistra·

356 976 426 1048 tus,
441 978 480 1034 ut
493 971 595 1035 etiam
611 971 723 1034 AElins
739 971 859 1036 Gallus
873 961 1012 1034 iudicat

314 1069 481 1152 Religioni
495 1079 547 1136 est
572 1071 797 1154 quibusdam¹
821 1077 918 1154 porte
945 1070 1147 1136 Carmentali
1166 1071 1289 1153 egredi,
1310 1077 1347 1134 et
1371 1071 1405 1134 in

354 1171 528 1248 eudelani,
542 1192 619 1255 quen
635 1178 792 1236 estcxtra
804 1181 906 1250 eam‚¹
922 1178 1073 1236 sonatum
1087 1173 1228 1238 bebere:
1250 1171 1338 1254 quod
1363 1191 1405 1234 ea

354 1273 476 1353 egressi
499 1291 562 1334 sex
584 1279 618 1336 et
645 1273 785 1337 trecenti
802 1272 899 1336 Fabii
913 1271 1004 1354 apud
1021 1271 1211 1339 Cremeram
1227 1291 1341 1337 omnes
1354 1271 1404 1334 in-

352 1371 481 1436 teriecti
494 1377 582 1448 sunt,
592 1387 667 1434 cum
678 1372 712 1434 in
726 1373 801 1436 erdo
814 1372 836 1436 J
839 1373 896 1436 arri
910 1373 1058 1438 Senatus
1073 1373 1264 1438 consultant
1277 1373 1403 1437 tectam

350 1477 453 1548 osset,
468 1473 519 1534 uti
534 1471 832 1554 proficiscerentur.

309 1570 519 1652 Religionis·
541 1571 749 1654 praecipuae⁵
774 1569 918 1635 babetur
945 1569 1111 1635 Censorio
1136 1570 1290 1656 majestas,
1316 1570 1403 1654 eujus

355 1670 389 1733 iu
407 1669 494 1733 libris
512 1670 549 1734 de
572 1669 639 1734 citu
656 1669 699 1736 P.
717 1668 761 1734 R.
794 1671 898 1736 Varro
918 1669 1062 1754 exemplo
1087 1669 1148 1735 lene
1171 1669 1304 1757 profert.
1349 1669 1401 1736 M.

339 2017 355 2062 5
373 2011 438 2062 Ead.
450 2011 492 2061 ed.
501 2010 629 2076 proripui.

802 2175 908 2226 NO'l'AE

336 2293 348 2318 ¹
365 2285 488 2348 ltrlegnti]
506 2285 615 2335 Erulum
631 2286 682 2336 tris
695 2285 769 2336 fuera
787 2303 831 2350 qe-
870 2289 912 2338 Ad
925 2287 1041 2338 dextram
1058 2285 1138 2336 fnisse
1154 2284 1237 2335 adem
1248 2283 1308 2335 Jaui
1323 2291 1400 2348 porta

303 2373 388 2421 nera;
411 2361 455 2411 alii
478 2361 620 2424 interdicti,
641 2361 748 2426 relegati
776 2364 830 2425 eiii,
871 2359 1325 2426 Carmentaliegredientibur,iidem
1335 2358 1399 2409 facit

303 2435 346 2486 aiii
368 2437 509 2501 deportati.
549 2435 688 2487 interdicti
711 2437 833 2488 dicuntur
871 2439 978 2502 insignis
995 2439 1065 2488 iocus
1084 2437 1149 2486 birli
1164 2435 1208 2486 ΙΙΙ).
1225 2447 1257 2484 ιι.
1274 2441 1339 2484 sect.
1356 2439 1399 2484 td.

302 2511 395 2573 quibus
407 2511 571 2561 interdictum
583 2520 625 2561 est
636 2515 703 2563 certi
715 2515 764 2564 loci
777 2513 831 2562 adi·
870 2511 991 2563 ‘luieiici
1004 2513 1054 2568 ris,
1063 2511 1156 2562 dextro
1163 2512 1230 2563 June
1241 2521 1322 2574 portae
1334 2512 1398 2561 Car·

301 2591 329 2636 itt
342 2587 558 2652 commerciaque.
590 2587 721 2651 relegati,
732 2591 771 2639 rei
784 2592 828 2654 qui
870 2589 990 2638 mentalis
1009 2585 1141 2652 profecti,'
1158 2586 1256 2651 (Fabii)
1272 2586 1322 2634 ‘ad
1334 2588 1398 2637 Cre·

299 2660 327 2708 iu
350 2663 433 2710 locum
455 2663 566 2726 aliquem
588 2665 770 2724 amandantur,
789 2667 829 2714 vel
868 2659 1348 2725 meramamoemperseuiurtt.’1ders.

300 2736 344 2798 qui
368 2743 441 2786 certo
467 2738 576 2800 quodum
605 2738 661 2787 ioco
684 2739 828 2801 ignominiae
900 2739 1072 2802 'Religiosiq
1090 2736 1142 2786 llic
1161 2737 1243 2786 muita
1260 2735 1397 2785 increata

299 2823 379 2858 carraa
392 2811 518 2874 J'ubeutur
534 2812 672 2868 excedere,
684 2828 735 2877 quo
751 2827 828 2864 seusu
867 2815 948 2863 Festo
964 2813 1069 2876 scripta,
1081 2827 1138 2877 ane
1157 2811 1273 2862 divinare
1284 2825 1334 2859 non
1351 2825 1397 2874 po·

299 2886 408 2945 relegati
426 2885 546 2934 dicuntur
564 2887 606 2949 qui
625 2887 759 2937 interdicti
771 2903 828 2950 pro·
868 2889 970 2938 tuimur.
1004 2888 1133 2939 Videntur
1144 2895 1230 2944 tamen
1242 2887 1326 2936 omnia
1339 2901 1397 2949 per·

298 2959 435 3030 prterunt.
468 2961 609 3022 Deportati
627 2978 699 3024 vero,
711 2963 754 3026 qui
765 2965 827 3012 civi·
867 2963 973 3012 tinuisse
982 2963 1014 3012 ad
1021 2963 1156 3013 Censores.
1172 2963 1204 3012 ln
1216 2961 1306 3025 quibua
1316 2973 1396 3009 unum

299 3041 354 3082 tate
375 3047 420 3082 rua
441 3035 544 3084 multati
568 3037 646 3086 vincti
674 3051 753 3087 nervo
781 3045 846 3106 ant*
866 3045 916 3100 est,
938 3037 1007 3102 quod
1029 3038 1131 3086 Plinius
1154 3037 1235 3086 tradit
1256 3035 1302 3085 tib.
1323 3047 1395 3084 xvir.

297 3108 465 3170 compedibus
477 3109 503 3158 itt
514 3110 601 3158 navim
619 3111 728 3174 aliquem
745 3112 826 3175 impo-
865 3125 923 3175 cap.
938 3116 980 3161 2⁵.
997 3111 1121 3167 ‘Romam’
1139 3112 1232 3175 iuquit,
1251 3111 1296 3158 ‘ln
1317 3110 1395 3172 Capi·

297 3179 433 3236 dabantur,
453 3183 584 3245 servitque
604 3185 715 3246 publicis
735 3193 765 3235 nt
780 3201 825 3236 eos
857 3187 929 3235 -tolio
940 3189 966 3235 iu
977 3187 1065 3250 eapite
1083 3187 1123 3234 bis
1140 3185 1214 3236 Joria
1226 3184 1293 3234 balio
1304 3183 1394 3232 Penei

297 3252 441 3302 interulam
457 3253 825 3314 transterrenutradabsntur.
864 3268 943 3308 enata
971 3263 1055 3321 palma
1082 3259 1218 3310 victoriam
1240 3259 1395 3320 triumphor-

297 3325 825 3390 Debacdeportatioue‘lereut.inPhor·
865 3347 916 3398 qua
942 3332 1095 3397 portendit:
1116 3333 1165 3383 bac
1193 3332 1393 3398 tempestatibus

295 3401 389 3451 mione.
424 3403 533 3452 'Nonne
549 3404 598 3454 boc
615 3405 753 3468 publicitus
767 3423 824 3458 sce·
865 3415 1004 3472 prostrata,
1015 3409 1105 3460 eodem
1117 3411 1173 3460 loco
1184 3409 1248 3459 ilem
1258 3416 1337 3458 errata
1352 3415 1394 3458 est

295 3475 336 3524 ins
354 3476 418 3526 ltine
440 3477 601 3540 deportarier
628 3481 655 3528 iu
676 3483 743 3530 solas
772 3490 823 3532 ter·
863 3484 903 3534 Μ.
914 3485 1090 3541 Messalinae.
1099 3486 1180 3536 Cassii
1188 3486 1329 3536 &urorum
1341 3485 1394 3540 lus-

296 3551 363 3600 rasi'
380 3553 448 3602 Vide
460 3553 599 3604 Hotoman.
610 3553 643 3604 ds
656 3555 823 3620 rerbirjuris.
863 3565 914 3608 tro.
941 3558 966 3607 Α
978 3573 1028 3623 qno
1040 3567 1157 3623 tempore
1169 3559 1320 3623 pudicitiam
1334 3559 1393 3608 sub·

296 3627 371 3677 Idm·
862 3647 963 3684 versam
974 3635 1133 3699 Pirogmvir
1148 3645 1239 3685 auctor
1258 3633 1393 3698 prodiditr'

327 3703 822 3770 *iteitgtmmqntiueram10vtu.rr.
861 3709 901 3760 tt.
924 3710 1044 3760 Valerius
1070 3711 1204 3767 Messalla,
1232 3710 1264 3760 C.
1288 3711 1393 3760 Cassius

296 3777 369 3827 Fert.
389 3780 550 3828 ‘Carmentis
572 3789 655 3843 portas
674 3782 766 3833 dextro
783 3793 824 3833 est
863 3785 994 3845 Imuqinnr
1005 3786 1130 3836 Gentem
1141 3784 1392 3848 fueruntauuoport

295 3853 338 3900 via
349 3855 466 3916 proxima
476 3855 561 3905 dene:
579 3855 622 3904 lra
634 3869 681 3917 per
691 3857 757 3906 banc
777 3871 822 3908 no·
863 3859 896 3909 R.
914 3861 944 3910 C.
956 3860 1012 3910 fere
1023 3863 1218 3916 sexcenterimo,
1229 3861 1390 3923 lustr-nmque

294 3925 322 3980 ΙΙ,
339 3927 693 3992 ᾳιιίηιιὶιειςοπιειιὴιδεῑ.
724 3931 821 3982 liiaie-
861 3933 1079 3996 feceruutuv,ut
1095 3951 1128 3986 ax
1146 3935 1299 4000 capitolinis
1317 3933 1390 3984 fastis

295 4011 338 4048 ura
357 4001 437 4051 refert
461 4002 556 4052 Fabios
578 4003 661 4051 exisse
684 4009 821 4056 trecentos.
860 4011 1125 4072 construerem.

296 4073 377 4123 Porta
395 4085 470 4125 racat
484 4077 569 4140 culpa,
587 4076 633 4126 aed
650 4084 734 4126 tamen
746 4093 821 4129 omen
894 4084 1031 4146 Religionis
1038 4089 1165 4149 promptia
1176 4085 1274 4134 itsbrtar
1287 4081 1389 4145 Ceam]

294 4145 391 4196 baireu‘
410 4149 474 4198 vide
485 4153 627 4201 ‘scelerata
637 4151 734 4200 Porta!
745 4154 820 4205 idem.
863 4157 914 4207 llic
926 4160 1051 4209 Genamss
1060 4162 1222 4210 nominantur
1231 4158 1390 4209 continuatis

328 4227 338 4261 i
357 4221 389 4272 ΕΙ
400 4223 426 4270 ts
434 4225 485 4275 cde
495 4227 621 4290 Jamque
631 4232 668 4276 ert
678 4223 748 4277 caira
758 4229 822 4293 rem]
861 4231 1039 4297 quinquenniis
1057 4233 1091 4284 ab
1106 4248 1173 4284 auno
1184 4235 1216 4284 U.
1227 4233 1257 4284 C.
1270 4243 1390 4282 anastr-
