3136 4934
307 347 372 414 ⁵6⁰
641 361 756 410 snxrr
783 359 935 410 rourarr
961 359 1065 408 rusrr

309 509 436 574 Parum
459 503 591 569 cavisse
603 510 647 554 ¹⁹⁰
668 503 774 568 videri
797 503 993 587 pronuntiat
1013 503 1240 586 magistratus,
1256 520 1336 567 cnm
1356 502 1400 567 da

351 605 485 672 consilii
500 605 663 670 sententia
677 605 802 688 capitis
817 623 917 690 quam
932 603 1216 669 condemnaturus
1229 609 1294 668 ost.

308 709 516 790 Parumperv
538 704 705 788 siguificat
725 704 909 788 paulisper,
928 705 1026 788 quasi
1048 723 1235 788 perparum,
1263 705 1402 788 [Paua.

348 808 411 872 hoc
432 812 496 884 est,
508 805 608 871 valde
619 825 756 889 parum:
778 805 918 871 refertur
932 813 1047 871 autern
1063 806 1107 870 ati
1121 813 1262 890 tompus.

308 909 472 974 Pascales
487 927 568 972 oves
582 907 669 972 Cato
683 907 799 991 posuit
811 926 875 990 pro
890 907 1081 990 pascuales.

308 1007 452 1074 Pascalss
463 1017 476 1056 l
487 1029 566 1088 coes,
578 1030 637 1092 pro
648 1006 822 1092 pascuales,
833 1008 1007 1074 inscienter
1020 1007 1109 1074 Cato
1123 1007 1212 1074 dixit
1226 1007 1260 1070 in
1273 1007 1401 1091 [Fsssr.

349 1130 511 1195 ecquam
539 1110 660 1194 scripsit
661 1154 1061 1175 .....
1146 1110 1293 1194 pascalis
1323 1111 1403 1173 ovis

346 1213 466 1278 vetuit
511 1208 602 1290 Item,
618 1207 764 1294 pellitam
779 1230 862 1274 caesa
886 1208 1125 1276 Tarmtinam²⁰
1146 1209 1297 1294 appellat
1310 1209 1347 1273 in
1362 1227 1403 1274 ea

349 1313 490 1377 oratione
503 1333 597 1398 qaam
610 1312 741 1396 scripsit.
1326 1329 1403 1393 pre-

349 1413 399 1479 tio
421 1415 559 1478 Tarenti
580 1414 658 1496 plus
679 1433 710 1477 c.
753 1459 763 1478 .
852 1458 860 1474 .
967 1410 1115 1476 sestercis's
1132 1409 1276 1496 pellitam
1304 1431 1402 1488 avan,

350 1533 449 1598 qnam
464 1515 500 1578 iu
513 1533 591 1598 agro
604 1513 806 1580 'larentina‘
822 1513 906 1600 qaod
916 1523 1062 1598 pasceret.
1110 1571 1116 1582 .

763 1693 941 1716 W!

340 1830 372 1876 19
386 1825 443 1875 Viri
464 1824 533 1876 docti
549 1824 708 1874 substituunt
725 1824 938 1874 Petroniana-80
956 1823 1006 1874 Ed.
1027 1824 1096 1875 Seal.
1113 1838 1176 1873 onas
1195 1823 1400 1874 baratinam-l

307 1890 424 1940 Med.
437 1889 521 1952 maro
537 1889 671 1940 rasabae.
704 1888 842 1940 vtd.1tor.

796 2099 902 2150 NOTAE

337 2249 349 2274 ⁰
366 2241 456 2290 Parata
465 2240 564 2304 maine]
581 2240 640 2291 Non
652 2241 749 2304 placet,
761 2241 832 2306 qnod
906 2242 1014 2292 Puaanles
1022 2241 1085 2304 oses]
1104 2239 1281 2290 liitCstauern
1291 2239 1401 2288 inscien-

305 2315 468 2366 substitnnnt
497 2313 579 2376 doen,
605 2315 751 2366 Petraeites.
792 2317 832 2366 Ee
867 2322 915 2366 ter
923 2316 1020 2366 dixisse
1031 2317 1145 2378 malas,
1154 2329 1212 2364 cunr
1228 2314 1402 2377 mundi·

305 2389 432 2440 modestia
451 2387 502 2439 inlt
519 2389 654 2454 Veterum,
676 2399 706 2441 ut
724 2406 776 2442 non
792 2391 830 2442 ie·
871 2392 982 2441 ceulam
994 2397 1063 2441 esset
1075 2405 1090 2440 a
1095 2391 1196 2454 praesb.
1211 2389 1244 2438 ln
1256 2390 1342 2439 verbis
1350 2389 1400 2438 Ca·

305 2467 381 2530 cisse,
399 2465 446 2515 sed
467 2463 562 2515 iecisse
580 2465 673 2522 rideri,
689 2473 718 2517 et
741 2481 774 2517 ne
791 2467 830 2517 l'e·
872 2468 941 2517 tonia
960 2464 1028 2516 infra
1050 2466 1146 2530 aliquid
1170 2465 1302 2515 turbatum
1319 2463 1402 2515 inisse

304 2543 369 2592 clsse
381 2541 493 2606 quidem,
508 2540 553 2590 ted
571 2555 660 2605 panna
676 2550 780 2594 cantum
791 2541 830 2594 l'u·
872 2542 1007 2606 suspicor:
1026 2539 1115 2591 fanan
1125 2540 1294 2605 supplendum
1305 2542 1360 2604 pisa
1372 2542 1403 2592 C.

303 2617 503 2680 isae,rlicerent.
518 2617 649 2668 soem.
872 2617 989 2666 uatertilr
997 2617 1266 2680 pellitamoaera,aaasa
1274 2617 1402 2680 pressim
1461 2663 1465 2668 .

335 2699 349 2734 Ρ
366 2692 508 2758 Parnasper]
525 2691 548 2742 lt
565 2692 660 2742 Gracc
675 2694 760 2756 potius
771 2694 831 2743 sai·
872 2693 967 2752 iaagrc
978 2692 1036 2740 l'er.
1051 2695 1092 2755 aa.
1117 2694 1161 2742 De
1178 2693 1326 2741 Tarentinis
1345 2693 1401 2742 ovi·

303 2767 405 2832 plasea.
423 2769 486 2818 Dae·
871 2765 995 2828 baanna
1005 2765 1246 2828 pellitae,llarrode
1256 2767 1328 2816 loli.
1339 2781 1401 2830 cap.

334 2850 352 2898 ‘t
365 2842 490 2906 Passalae]
507 2843 643 2891 Postrema
662 2841 742 2890 rerba
757 2842 830 2891 Festi
870 2843 896 2890 2·
918 2840 1066 2905 ‘Pleraque
1078 2830 1197 2891 similiter
1212 2839 1362 2891 iaciendum
1374 2843 1400 2891 iu

303 2919 425 2968 sidentur
444 2915 577 2979 pertinere
599 2915 631 2962 ad
653 2913 727 2963 ladas
749 2927 830 2964 secu·
871 2913 962 2964 avibus
973 2916 1081 2978 pellitis,
1094 2929 1151 2978 quse
1162 2922 1271 2979 propter
1280 2917 1346 2964 lause
1354 2916 1400 2965 bo·

301 2995 379 3051 lares,
395 2991 440 3054 qui
461 2991 488 3038 in
504 2989 644 3038 Terentino
662 3003 725 3052 agro
741 2998 830 3039 ceute·
870 2989 990 3052 nitatem,
1000 2998 1029 3039 ut
1047 2998 1108 3040 sunt
1124 2991 1273 3040 'larentinae
1291 2999 1318 3040 et
1332 2989 1402 3040 Atti·

303 3063 664 3130 almaquoqaeannoliebsnt.
683 3064 750 3114 Vide
762 3065 830 3117 ‘Te-
869 3064 1401 3130 cae,pellibuslntegunturuelanainqni·

301 3139 422 3192 rentum:
439 3143 500 3190 Ast·
510 3139 576 3202 Aug.
871 3147 949 3188 netur
959 3141 1092 3205 quominus
1108 3143 1149 3191 sel
1164 3141 1233 3190 inlicl
1251 3149 1324 3191 recte
1341 3157 1401 3205 pes·

334 3215 458 3277 Passalae]
488 3215 597 3263 Parentes
621 3228 682 3270 aces,
710 3216 828 3279 nasicae,
871 3214 916 3278 sit,
933 3217 974 3265 ael
991 3217 1071 3266 lasarl
1089 3231 1119 3266 sc
1136 3217 1237 3280 parari.¹
1266 3217 1331 3266 lutle
1345 3217 1400 3266 Ho-

301 3289 550 3355 devastarunt
559 3292 723 3355 interpretati
734 3307 828 3343 rrimus.
871 3298 922 3342 rat.
946 3293 1068 3344 ‘Pellitis
1087 3295 1177 3344 avibus
1195 3295 1305 3344 Galesi!
1321 3294 1400 3344 traii-

302 3369 449 3432 Propterea
475 3367 571 3416 eadem
595 3367 705 3418 Passalae
729 3382 829 3434 quoqne
869 3367 956 3432 esea
966 3369 1063 3429 ποίμνας
1079 3370 1214 3430 eleganter
1225 3376 1303 3418 vocat
1312 3368 1400 3418 Strab.

301 3443 462 3504 dicebantur,
487 3443 555 3506 quod
576 3445 670 3507 passim
691 3457 828 3507 pasceren-
869 3444 916 3494 lib.
935 3459 974 3494 ιν.
1009 3445 1092 3494 Porro
1113 3445 1218 3508 passales
1239 3457 1301 3494 ares
1322 3445 1398 3494 bitte

302 3525 362 3568 tur:
380 3525 408 3568 et
419 3533 467 3568 uos
478 3517 573 3568 ibidern
589 3517 690 3568 εἰκαίους
699 3520 828 3584 iuterpre-
868 3527 944 3567 eraut
954 3523 982 3567 et
992 3519 1105 3568 Solocea.
1129 3521 1211 3569 Lucil.
1222 3519 1342 3569 ‘Pascali
1354 3533 1400 3582 pe·

301 3593 428 3643 rebamur.
464 3593 570 3658 Oppoui
593 3593 700 3658 pellitis,
722 3609 779 3658 quae
802 3595 828 3644 ln
868 3608 929 3644 core
940 3609 971 3644 ac
982 3601 1113 3658 montano,
1128 3595 1196 3644 hirta
1207 3603 1284 3658 atque
1296 3595 1401 3644 soloce:

300 3685 362 3733 agro
379 3670 519 3719 Tarentino
539 3671 721 3732 pascebantur,
743 3670 828 3721 admo·
869 3668 945 3718 Unde
957 3669 1083 3719 Columel.
1100 3669 1290 3734 ‘dissimilem‚'
1304 3670 1398 3734 lnquit,

300 3745 416 3793 animast
434 3743 467 3792 tle
478 3743 571 3808 quibua
583 3743 678 3807 pellitis
688 3745 729 3795 lric
740 3745 766 3794 in
777 3745 828 3795 line
869 3747 877 3772 ‘
888 3745 1013 3794 rationem
1025 3745 1141 3808 postulet
1152 3745 1247 3794 hirtum
1259 3751 1337 3808 atque
1347 3745 1398 3793 ‘l'a-

300 3818 471 3870 scribebatur.
495 3819 639 3882 Propterea
651 3833 699 3882 pro
710 3821 759 3870 illis
770 3835 828 3871 rer·
870 3819 1019 3870 reatinum!
1035 3821 1044 3848 ‘
1058 3819 1180 3869 Pascalea
1192 3824 1268 3868 oves'
1278 3827 1306 3868 et
1317 3821 1325 3848 ‘
1338 3833 1397 3883 pas·

301 3893 350 3957 bia,
367 3894 453 3956 Quare
465 3893 600 3949 Terentiae,
619 3894 713 3949 scribo,
730 3895 757 3942 is
769 3909 829 3956 agro
868 3893 937 3943 cales
950 3893 1075 3958 gallinaa'
1091 3893 1200 3954 sapalaos
1215 3893 1254 3943 rai
1271 3892 1398 3955 laetatura

303 3967 438 4020 amsani.
456 3967 517 4018 Nou
528 3967 650 4030 igiturne
662 3967 829 4018 ladls'l'eren·
868 3969 955 4020 Graeci
966 3971 1066 4036 dicunt,
1084 3979 1277 4038 proptereaque
1296 3971 1397 4021 eadem

301 4043 321 4090 ti
332 4043 357 4092 ln
369 4059 460 4109 campo
477 4045 574 4094 Martio
588 4043 628 4092 bic
645 4037 781 4106 agebatur,
799 4052 828 4094 ut
866 4047 970 4108 pnmlee
984 4048 1061 4096 etiarn
1076 4047 1237 4110 dicebantur,
1254 4047 1322 4112 quoti
1339 4061 1396 4112 pas·

301 4117 532 4170 aalnnrdoetivirl.
547 4119 615 4170 Vltio
625 4119 828 4183 conjectaueunr
868 4121 925 4178 einr,
937 4121 962 4172 tn
974 4130 1024 4186 eat,
1033 4121 1084 4182 elsi
1095 4131 1241 4188 pascerent.
1258 4124 1320 4174 Dae.

301 4190 418 4243 tertium.
433 4195 486 4243 Jaa.
498 4195 554 4245 Saul
