3194 4942
358 823 556 942 SEX.
608 825 1034 941 POMPEII
1089 821 1349 942 FESTI
1454 939 1456 942 ,

828 1125 876 1172 nss

307 1351 727 1450 VERBORUM
782 1355 1401 1453 SIGNIFICATIONE

707 1637 873 1720 LIBER
913 1644 1006 1720 XV·

665 1904 1033 1942 m

301 2118 616 2212 Quuonnuusn·
646 2135 814 2219 voc'abant
849 2157 988 2240 antiqui,
1025 2177 1125 2240 quam
1161 2179 1207 2224 ex
1255 2159 1392 2245 [Pauo.

344 2244 468 2332 Graeoo
484 2251 616 2333 ἅμφορὰν
642 2251 767 2330 dicunt,
788 2255 881 2336 quod
896 2274 956 2320 vas
982 2257 1077 2338 pedis
1093 2259 1244 2341 quadrati
1264 2266 1339 2326 uoto
1355 2268 1393 2326 et

341 2344 560 2428 quadraginta
589 2350 683 2430 oepit
712 2351 892 2416 sextarios.
937 2353 1077 2420 Plautus
1105 2359 1141 2422 in
1171 2359 1392 2426 Curculione:

341 2445 439 2510 Anus
468 2447 541 2512 haec
571 2449 662 2512 sitit:
686 2451 883 2533 quantillum
913 2452 1020 2521 sititl
1052 2459 1186 2526 modica
1211 2451 1279 2540 θεὴ
1299 2462 1393 2546 cupit

339 2541 559 2622 Quadrantal.
605 2547 649 2614 Et
677 2547 764 2616 Cato
793 2561 909 2619 contra
938 2555 1110 2640 Oppium:
1147 2561 1273 2629 Vinum
1297 2563 1392 2628 aedo

338 2646 442 2724 misti,
456 2647 584 2729 praedia
604 2667 667 2731 pro
684 2651 751 2714 vini
766 2653 1024 2734 quadrantibus¹
1040 2665 1217 2747 sexaginta
1233 2667 1266 2730 in
1280 2663 1390 2749 publi·

341 2763 419 2808 cum
432 2753 446 2783 ¹
461 2747 596 2826 dedisti,
612 2751 725 2814 viuum
740 2771 806 2840 non
820 2753 953 2820 dedisti.

297 2843 497 2923 Quadratai
511 2847 622 2914 Roma
631 2849 665 2913 in
677 2850 810 2917 Palatio
822 2861 898 2920 ante
908 2857 1074 2946 templum
1081 2861 1251 2945 Apollinis
1264 2865 1390 2943 [Fusa

753 2995 930 3022 ”m

328 3069 341 3116 1
359 3069 740 3136 En.scs1.qaaaaastiuuas.-s
758 3080 820 3132 Vei.
830 3083 888 3134 eod.
901 3085 927 3134 is
934 3087 1002 3150 pulli.
1056 3087 1060 3100 '

791 3193 898 3244 ΝΟΤΕ

323 3275 514 3344 'QuadranialJ
538 3281 622 3333 vide‘
636 3283 747 3338 Publica
758 3303 820 3353 pon·
859 3291 953 3354 desim,
985 3299 1297 3364 sextarios'septusglnts
1323 3297 1387 3352 duos

295 3349 375 3399 desa?
391 3353 450 3402 Aut.
460 3351 525 3418 Aug.
859 3369 989 3432 capiebat.
1023 3371 1157 3422 sextarius
1169 3381 1254 3423 aniam
1271 3375 1388 3426 eontinet

327 3425 488 3493 Quadrantal]
523 3428 576 3481 Vas
604 3435 672 3499 quud
699 3438 820 3501 capiebat
858 3441 949 3493 libram
961 3459 1019 3494 eum
1031 3445 1146 3512 dimidia,
1165 3449 1212 3498 iuoo
1232 3453 1279 3502 esi,
1296 3451 1386 3499 uncias

292 3513 368 3551 urnas
380 3502 743 3572 duas,qna(lragintaalueio
761 3529 818 3563 sex·
859 3519 1014 3571 octodecim.
1045 3523 1206 3578 Quadrautale
1227 3532 1323 3584 sutem,
1345 3527 1387 3575 vsi

291 3577 387 3627 tarios=
404 3579 452 3630 hoc
471 3588 522 3646 est,
537 3584 641 3647 congios
658 3589 683 3634 8.
705 3587 819 3638 heminas
858 3595 1006 3657 quadrantal,
1029 3611 1044 3646 s
1064 3598 1385 3664 quadratafigurauomeu

291 3653 348 3702 nu.
373 3653 441 3704 Vide
451 3655 610 3708 Maeeisnum
623 3658 656 3709 de
668 3673 733 3710 asse.
750 3663 820 3714 Qus·
859 3671 947 3720 traxit.
979 3673 1031 3722 Sed
1052 3675 1130 3725 uerba
1142 3676 1213 3725 Festi
1224 3675 1263 3726 sle
1274 3677 1385 3740 leganda

291 3725 538 3792 dssntaloetagintn
551 3733 646 3795 pondo,
666 3749 758 3800 nempe
775 3752 819 3788 ou·
857 3757 890 3794 ex
912 3753 964 3796 vet.
984 3749 1029 3798 lib.
1046 3750 1146 3799 notavit
1164 3750 1270 3801 doctiss.
1285 3751 1385 3802 Salma-

291 3803 394 3864 tugiam
404 3804 535 3867 pendebat
553 3823 627 3870 squas
646 3809 741 3862 libras:
760 3827 819 3863 eon·
856 3817 927 3868 sius:
946 3820 1212 3876 Quadraaialaoeabant
1227 3824 1319 3888 assiqua·
1334 3842 1385 3876 aaa·

291 3877 459 3941 giusdecsm.
492 3881 560 3932 Vide
577 3883 701 3946 ‘publiea
720 3887 818 3949 pande·
855 3893 961 3954 pharam.
996 3895 1064 3950 ana
1080 3899 1201 3962 aaspedis
1211 3901 1320 3962 quadrati
1331 3908 1384 3951 aeia

281 3954 337 4002 η’
370 3955 531 4008 Quadranlal
544 3958 665 4022 ampliora
675 3961 752 4011 etlam
763 3962 818 4012 die·
856 3973 881 4016 et
891 3969 1047 4031 quaaraginta
1058 3975 1136 4035 capiat
1145 3975 1272 4024 sestam
1289 3977 1354 4026 Dae.

290 4034 354 4090 tuns,
364 4031 409 4079 secl
420 4033 541 4096 amphora
550 4035 662 4084 Romans
672 4035 816 4100 intelliges·
888 4039 899 4074 θ
921 4043 1058 4108 Quadrata]
1082 4047 1187 4111 Dionys.
1210 4049 1254 4098 lib.
1278 4063 1297 4100 a.
1320 4051 1382 4099 Plu·

291 4101 436 4164 damnalia
445 4107 512 4157 snim
521 4109 716 4173 autumpnum,
725 4127 816 4177 nempe
856 4118 938 4167 lauch.
950 4119 976 4166 in
989 4120 1099 4181 Romuli,
1109 4121 1189 4172 Solio.
1204 4137 1263 4188 esp.
1275 4129 1299 4175 2.
1328 4123 1381 4173 Ro·

292 4173 392 4240 Attiea,
402 4195 460 4243 qua
470 4197 546 4232 urnas
561 4192 623 4248 laea,
635 4188 740 4251 congios
756 4191 815 4239 duu-
856 4205 922 4240 mana
934 4205 948 4240 a
961 4193 1069 4244 Romulo
1080 4195 1232 4260 quadratum
1250 4197 1380 4250 conditam
