3208 4938
279 324 346 392 806
616 337 728 388 saxrr
754 335 907 387 rounam
934 337 1039 386 rnsm

325 484 401 548 nius
424 483 458 550 in
482 480 706 546 Brundisina:
730 479 819 559 Quis
843 487 912 543 tam
940 478 1052 560 sagaci
1079 476 1191 554 corde,
1213 481 1314 558 atque
1329 475 1379 538 in·

326 585 568 668 geniouuicol
599 582 776 646 Lucretius
796 583 855 645 lib.
879 597 921 645 11.
967 581 1042 645 Nec
1071 579 1180 642 minus
1205 577 1279 641 baec
1310 577 1382 640 ani·

326 705 417 750 mum
441 703 641 768 cognoscere
670 702 758 766 posse
773 702 933 766 sagacem:
968 699 1107 766 sagacem
1137 681 1239 744 etiam
1264 698 1382 742 canem

333 991 477 1055 invictus
492 987 581 1053 camis
592 995 621 1025 ²⁰
636 1006 733 1072 sagas
752 985 865 1049 catatu
878 986 1004 1050 uiribus
1027 985 1149 1049 fretus:
1173 1005 1247 1068 auga
1264 1003 1384 1067 quoque

330 1089 445 1154 dicitur
473 1090 593 1155 mulier
618 1087 726 1172 perito
755 1109 911 1151 sacrarum
936 1099 965 1150 et
988 1087 1039 1149 uir
1066 1087 1201 1168 sapiens
1224 1082 1382 1166 producta

326 1192 433 1276 primo
449 1190 583 1276 syllaba,
598 1191 741 1254 forsitan
757 1199 892 1273 propter
905 1187 1143 1273 ambiguitatem
1157 1185 1362 1250 evitandam.

294 1297 441 1376 Sagaces
454 1293 669 1377 appellantur
684 1291 815 1355 solertis
826 1290 1005 1354 acuminis:
1031 1288 1119 1352 unde
1134 1273 1233 1352 etiam
1249 1286 1386 1362 [Paua.

333 1413 434 1460 canes
456 1395 666 1476 indagatores
690 1411 830 1474 sagaces
847 1398 921 1456 sunt
936 1391 1111 1474 appellati.
1148 1389 1238 1470 Saga
1253 1406 1387 1470 quoque

334 1496 457 1560 dicitur
472 1495 590 1559 mulier
605 1495 716 1578 perita
739 1513 920 1570 sacrorum,
940 1499 974 1556 et
988 1493 1039 1555 vir
1053 1493 1201 1574 sapiens,
1223 1489 1387 1572 producta

333 1598 441 1679 prima
456 1597 588 1679 syllaba
603 1601 738 1679 propter
754 1595 1001 1676 ambiguitatem
1015 1593 1216 1658 evitandam.

293 1697 473 1780 Sagmina⁸
489 1695 645 1762 dicebant
665 1695 787 1759 herbas
803 1697 986 1760 verbenas:
1010 1697 1089 1778 quia
1110 1713 1156 1757 ex
1176 1693 1388 1758 locosancto

335 1800 534 1863 arcebantur
556 1797 679 1880 legatis
699 1798 986 1880 proficiscentibus
1002 1797 1045 1860 ad
1061 1795 1173 1860 foedus
1187 1793 1389 1870 laciendum,

334 1899 528 1983 bellumque
554 1899 786 1963 indicendum:
809 1899 862 1963 vel
892 1918 913 1962 a
934 1895 1099 1972 faciendo,
1121 1897 1158 1960 id
1187 1906 1250 1973 est,
1271 1893 1390 1958 confir-

338 2001 472 2066 mando.
532 1999 699 2066 Naevius:
737 1999 890 2079 ScaboS,¹
920 2005 1022 2082 atque
1052 1998 1213 2063 verbenas
1241 1997 1388 2078 sagmina

338 2107 537 2166 sumserunt.

296 2203 452 2286 Sagmina
479 2207 641 2268 vocantur
662 2203 827 2280 verbenae,
845 2201 880 2264 id
906 2201 1096 2280 est,herbae
1125 2217 1232 2284 parm,
1269 2198 1394 2280 [Fas'r.

339 2308 422 2392 qnia
450 2325 494 2370 ex
516 2306 593 2370 loco
620 2312 735 2369 sancto
752 2306 947 2369 arcebantur
967 2325 987 2368 a
1010 2299 1171 2379 consule,
1186 2303 1391 2378 Praetoreve,

339 2407 460 2490 legatis
474 2405 760 2489 proficiscentibus
775 2405 819 2469 ad
842 2404 953 2470 foedus
976 2403 1177 2480 faciendum,
1198 2403 1392 2486 bellumque

341 2507 568 2586 indicendum,
581 2507 633 2571 vel
649 2507 692 2570 ab
704 2505 897 2582 sanciendo,
910 2505 946 2569 id
960 2510 1021 2582 est,
1036 2503 1274 2569 confirmando.
1311 2505 1392 2569 Nm·

343 2610 417 2671 vius
432 2627 441 2673 t
463 2605 486 2671 J
489 2627 527 2671 ns
543 2613 708 2671 sacratum
724 2607 746 2671 J
750 2607 824 2670 ovis
835 2606 1015 2690 jurandum
1030 2607 1187 2690 sagmine.

302 2705 498 2774 Salaciam‘
526 2709 684 2774 dicebant
699 2709 808 2773 Deam
827 2728 938 2791 aquae,
952 2728 1055 2792 quam
1069 2709 1233 2793 putabant
1260 2705 1393 2789 [rann.

333 2989 366 3036 20
379 2984 444 3036 Vide
456 2986 596 3036 Notas-1
615 2985 765 3050 Lugendum
785 2994 873 3038 mouet
890 2988 958 3038 scal.
974 2987 1072 3052 Scupos.

795 3150 901 3201 NOTAE

336 3255 489 3322 ⁸Sugmtua]
517 3259 613 3307 Mirum
631 3260 709 3310 alium
726 3277 828 3312 versum
902 3263 1028 3327 Semne]
1048 3263 1104 3312 Lir.
1119 3276 1182 3313 xxx.
1199 3275 1257 3324 cap.
1273 3264 1314 3311 tt.
1349 3261 1397 3310 Fe-

306 3330 392 3380 Navii
413 3347 428 3380 a
447 3333 536 3394 Festo,
554 3335 630 3384 alium
647 3350 662 3383 a
681 3337 830 3387 mutilatora
870 3338 949 3388 ciales
960 3352 1016 3388 cum
1029 3338 1055 3387 in
1073 3337 1189 3388 Africam
1208 3337 1241 3385 ad
1259 3334 1343 3385 fanis
1361 3334 1400 3386 le·

305 3407 390 3456 citari.
424 3408 574 3472 Lagentium
589 3425 666 3459 varo:
686 3411 831 3474 Scaeuam-
873 3413 988 3463 tiendum
1005 3415 1041 3463 ire
1055 3414 1217 3477 juberentur,
1232 3413 1294 3474 ipsis
1313 3420 1400 3476 postu·

304 3485 475 3546 queaerbmaa.
502 3485 569 3534 Nam
580 3486 831 3549 mopoeinsacrisdi·
872 3489 986 3538 lantibus
1007 3498 1129 3538 ‘senatus
1148 3488 1400 3538 consultuminhaec

307 3567 402 3608 cuntur
413 3559 481 3622 apud
500 3560 624 3617 Plinium,
644 3569 670 3610 et
690 3563 763 3625 alios,
781 3578 832 3612 oer-
874 3563 953 3613 rerba
971 3563 1133 3625 factumest,
1153 3572 1182 3613 ut
1195 3567 1279 3628 privos
1292 3565 1403 3628 lapidea,

306 3637 379 3686 banc.
397 3635 834 3700 Glossarium:‘Sanminmuauaba
874 3639 971 3702 silicea,
995 3641 1130 3704 privasque
1157 3641 1283 3689 verbenas
1313 3652 1399 3690 secam

306 3710 518 3774 aemulatum?
537 3713 625 3776 Lege:
644 3714 767 3777 Sngmium
778 3721 835 3766 θαλ-
874 3714 989 3764 ferrent:
1009 3717 1045 3764 nti
1063 3723 1159 3776 prator
1170 3715 1246 3765 Rom.
1257 3715 1296 3764 bis
1307 3717 1400 3778 inaper-

307 3789 835 3858 absmortala‘Sagmiaarius,cucumula·
876 3799 943 3852 aret,
962 3797 991 3843 ut
1007 3788 1091 3838 sudus
1107 3788 1229 3848 ferirent,
1247 3789 1283 3837 illi
1307 3797 1401 3852 prato·

307 3865 372 3925 xes!
411 3865 463 3914 Sed
492 3869 600 3926 prestat
626 3865 713 3928 legere
739 3867 836 3932 Scupos.
877 3881 930 3916 ram
948 3868 1064 3929 sagmina
1083 3873 1230 3928 poscerent.
1265 3863 1363 3913 Herba
1375 3864 1402 3915 id

308 3939 380 4001 Saum
391 3937 561 3990 metasset.
594 3938 836 4002 apuleiensium.
877 3955 956 4004 gaam
968 3957 1000 3989 ex
1021 3955 1080 3990 arca
1100 3949 1211 3988 stitutum
1229 3939 1285 3987 dari
1307 3937 1405 3988 lectati-

308 4014 440 4075 ‘Tballos‚
466 4017 601 4079 verbenas,
622 4019 729 4066 corollas
749 4019 833 4069 laren·
879 4017 1019 4068 busseto!
1035 4019 1151 4079 Sagmiaa
1161 4031 1175 4065 a
1185 4018 1319 4078 mactando,
1331 4016 1405 4079 qrraai

308 4089 367 4139 taa'
399 4091 467 4142 Quia
483 4106 579 4155 scapum
595 4106 675 4156 capa
691 4093 835 4147 Columella
877 4095 1015 4145 cruebatur.
1032 4094 1095 4142 Dec.

309 4165 505 4218 smuuavecat.
520 4167 658 4219 manicat·
911 4170 921 4204 ¹
934 4171 1063 4234 summm]
1081 4167 1255 4220 Glossarium:
1281 4165 1408 4222 ‘seinaim

1103 4455 1116 4484 Χ
