3136 4934
323 433 373 481 ua
397 433 606 484 vrnnonurr
629 434 936 488 arourrronnrous
959 439 1032 488 urs.
1056 439 1137 490 xiv.
1221 427 1286 494 599

193 577 372 642 Piscatorii
387 575 458 640 iudi
479 583 652 653 vocantur,
666 576 724 660 qui
739 597 852 642 mense
867 578 890 644 J
893 580 973 644 unio
987 579 1058 646 fieri
1074 603 1127 647 so·
1148 583 1284 662 [Paua.

239 679 310 742 tant
323 698 382 760 pro
399 685 534 760 quaestu
550 679 749 761 piscantium
762 686 853 744 trans
866 680 1028 748 Tiberim.

196 779 398 844 Piscatorii³
412 779 486 842 ludi
501 786 673 858 vocantur,
688 780 747 862 qui
762 783 936 863 quotannis
951 782 1140 847 manseio·
1162 785 1285 861 [Fusa.

239 881 297 944 nio
323 887 412 945 trans
435 881 583 944 Tiberim
610 879 679 944 fieri
704 881 814 944 solent
839 901 860 945 a
886 882 1037 948 Proetore
1065 885 1202 950 Urbano
1225 907 1285 971 pro

239 983 462 1065 piscatoribus
477 981 656 1056 Tiberinis,
671 1001 807 1064 quorum
817 989 969 1068 quaestus
982 1005 1047 1049 non
1058 987 1092 1048 in
1108 987 1285 1052 macellum

238 1083 401 1164 pervenit,
415 1083 475 1148 sed
491 1082 558 1148 fere
580 1081 613 1146 in
635 1101 746 1150 arcam
761 1082 918 1163 Volcani,
934 1085 1025 1167 quod
1045 1086 1078 1150 id
1096 1107 1202 1167 genus
1217 1087 1287 1171 pis-

238 1185 422 1250 ciculorum
436 1185 589 1250 vivorum
604 1183 700 1248 datur
713 1186 745 1248 ei
762 1185 838 1250 Deo
854 1205 914 1268 pro
930 1187 1050 1252 animis
1061 1187 1229 1254 humanis.

195 1283 378 1349 Piscatorii
394 1285 464 1348 ludi
478 1285 686 1362 dicabantur,
702 1283 760 1369 qui
775 1283 900 1350 fiebant
914 1307 975 1370 pro
989 1295 1119 1371 quaestu
1152 1289 1288 1372 [Pina.

239 1383 451 1468 piscantium.

197 1473 425 1552 Piscatoiium
444 1506 492 1552 oes
512 1493 646 1552 vetusto
668 1507 759 1552 more
775 1488 968 1572 appellatur,
991 1489 1081 1573 quod
1096 1489 1130 1554 in
1159 1491 1282 1572 [Fusa.

240 1593 353 1652 monte
368 1586 503 1652 Albano
519 1589 614 1652 datur
628 1605 689 1670 pro
703 1587 866 1671 piscibus.

199 1687 344 1752 Piscium
352 1697 368 1760 ¹,
383 1689 529 1772 publicae
549 1687 717 1772 hodieque
738 1707 857 1752 nomeu
872 1695 995 1770 manet,
1011 1692 1088 1775 ipsa
1100 1713 1166 1758 non
1179 1701 1285 1772 extet,

242 1789 285 1853 ad
305 1799 455 1873 quamsi
477 1795 637 1865 natatum,
653 1797 685 1854 et
707 1791 955 1855 exercitationis
976 1793 1103 1876 alioqui
1117 1813 1219 1858 causa
1233 1815 1288 1862 ve·

239 1891 354 1958 niebat
368 1892 524 1978 populus,
540 1891 628 1956 unde
644 1891 794 1958 Lucilius
810 1893 879 1958 ait:
896 1891 963 1958 Pro
980 1894 1101 1958 obtuso
1112 1913 1168 1960 ore
1180 1895 1283 1978 pugil,

241 1993 438 2074 pisciuensis
453 2011 505 2058 res
520 1992 598 2058 est.⁸

654 2158 698 2178 m
700 2158 834 2180 0000000

229 2243 245 2287 ti
265 2238 333 2290 Vide
344 2238 438 2290 Notus.

138 2539 144 2554 ,
199 2491 336 2558 tegentium
347 2491 456 2542 ridetur.
478 2493 532 2543 Fut.
547 2493 628 2543 Unio.
762 2491 800 2539 vis
812 2505 983 2542 orerecurrn
993 2491 1073 2542 cibis-⁹
1105 2493 1288 2546 Vulcanalibus

206 2577 212 2584 “
232 2569 398 2632 miratorii]
414 2571 495 2618 Varro
506 2570 586 2619 tib.v.
604 2569 636 2618 ris
650 2565 723 2632 Liug.
761 2569 885 2631 poputum
905 2581 953 2632 pro
978 2581 1005 2617 se
1025 2567 1152 2632 inignem
1170 2571 1291 2622 animatia

199 2645 256 2694 Lat.
281 2643 369 2694 scribit
392 2644 574 2694 Vulcanalibus
603 2644 724 2706 poputum
761 2642 862 2692 misisse
878 2641 967 2692 scribit
977 2643 1061 2690 Varro
1078 2643 1124 2689 tib.
1137 2657 1162 2690 v.
1180 2645 1291 2693 ‘Volun-

198 2719 317 2768 animalia
330 2733 376 2780 pro
392 2733 419 2768 ss
436 2719 462 2767 in
474 2718 558 2782 iguem
570 2719 674 2769 mittere
684 2733 724 2768 so·
762 2717 830 2766 nulia
850 2733 865 2766 ι
880 2717 1004 2777 Volcano,
1026 2715 1093 2780 qnod
1106 2717 1130 2764 ei
1143 2723 1196 2764 tum
1209 2716 1290 2772 seria.

198 2796 280 2845 lituro.
313 2796 351 2844 Ba
369 2801 454 2844 antem
475 2809 525 2844 uon
542 2809 629 2845 meuse
645 2794 724 2846 Junio
762 2799 790 2843 et
809 2793 876 2857 quod
898 2805 929 2841 eo
941 2791 983 2840 die
996 2793 1162 2855 poputuspro
1174 2805 1202 2840 ss
1214 2793 1240 2841 in
1253 2793 1291 2856 ig·

198 2871 243 2919 sed
257 2885 284 2920 x.
298 2870 357 2922 trau
369 2871 443 2934 Sept.
454 2867 562 2920 fiebant.
596 2869 674 2919 Orid.
688 2877 726 2918 ta·
761 2883 819 2918 nem
829 2867 1058 2917 suimatismittit!
1075 2865 1136 2916 Duc.

197 2959 255 2995 men
273 2945 319 2995 tib.
330 2959 369 2994 vr.
383 2945 482 2994 Pastor.
495 2944 568 2994 indos
578 2945 723 3008 Tiberinus,
792 2953 803 2978 ¹
817 2945 932 3008 Piratae]
951 2943 1040 3004 Lege:
1057 2943 1119 2993 aa&
1128 2943 1233 2992 Lucilius
1239 2943 1291 2994 aits

198 3027 225 3069 et
234 3021 391 3084 piscatorum
404 3017 484 3068 refert
495 3019 543 3068 boc
554 3033 640 3068 meuse
660 3017 725 3068 tisri.
765 3021 854 3070 Obtusa
864 3033 914 3081 ore,
921 3020 997 3083 pirgii,
1004 3019 1225 3082 piniuemiqrem.
1239 3020 1292 3070 Pu·

199 3097 273 3152 Sunt,
284 3097 327 3161 qui
339 3096 453 3145 scribant
465 3109 515 3144 unu
530 3095 615 3144 oPR.
627 3095 725 3155 mbuno,
763 3097 827 3160 giler
843 3103 902 3144 sunt
920 3097 1013 3144 obtuso
1029 3109 1084 3155 ore,
1102 3103 1209 3158 propter
1227 3111 1291 3161 pug-

201 3173 247 3222 srat
265 3187 280 3221 o
296 3173 378 3234 poprie
399 3171 444 3221 Ra.
464 3171 551 3220 urbano
562 3170 635 3219 turdos
647 3169 724 3218 tisri:
763 3185 820 3234 nur,
830 3171 1114 3235 quostuosrecipiuut:
1133 3171 1200 3220 unde
1211 3171 1291 3221 titud:

198 3246 266 3313 qaod
283 3245 401 3296 mendum
414 3246 447 3294 ab
459 3245 563 3295 inducto
576 3245 680 3294 librario
692 3243 726 3294 nri
763 3247 810 3295 ‘os
822 3247 928 3307 nntium,
940 3247 980 3295 vet
992 3246 1078 3309 potius
1090 3246 1203 3310 pugilis:
1227 3247 1293 3297 Pro·

197 3325 287 3374 docto·
299 3321 422 3387 quondum
439 3321 506 3370 viror
516 3321 669 3384 penetrarit.
693 3319 726 3369 lu
764 3323 879 3372 serbiam
891 3329 930 3370 ert
942 3321 1010 3384 apud
1023 3321 1142 3370 Plautum
1154 3322 1180 3370 in
1189 3321 1292 3386 Casina,

199 3399 280 3448 veteri
293 3396 396 3462 quidem
409 3396 484 3452 tibro,
495 3394 562 3445 unda
578 3396 660 3445 ceteri
675 3395 726 3445 orti
763 3397 872 3448 ‘obtuso
894 3395 955 3452 orel
973 3395 1013 3444 vet
1031 3396 1144 3444 emanso.-
1161 3409 1218 3444 cum
1235 3397 1293 3459 qntr

201 3473 466 3534 sunt,itaert,utbtc
484 3472 639 3536 scripsimus.
671 3471 727 3521 Pis·
765 3487 812 3536 sps
837 3471 877 3522 vet
900 3471 1021 3520 instituto
1042 3468 1170 3532 dejectus,
1193 3471 1294 3532 pudore

201 3566 256 3602 cern
272 3552 358 3601 siurim
377 3565 424 3615 pro
435 3551 519 3600 noima
531 3550 638 3599 bominis
649 3549 673 3599 in
686 3563 726 3598 sn·
765 3547 921 3598 suffunditur
932 3545 966 3594 ab
985 3545 1026 3600 tis,
1044 3545 1087 3609 qui
1107 3543 1168 3592 nituit
1187 3553 1295 3606 prater·

200 3627 298 3677 eminio
310 3627 432 3688 obtutum,
444 3627 518 3676 testis
527 3633 568 3675 est
585 3626 664 3675 Ouid.
683 3625 727 3676 lib.
764 3635 839 3686 quam
851 3621 877 3669 in
888 3633 916 3671 os
929 3632 1036 3668 uressem
1049 3631 1201 3682 pugnorum,
1215 3625 1245 3666 ut
1255 3618 1293 3667 to-

201 3717 246 3754 ιιι.
258 3703 355 3752 Pastor·
368 3702 427 3751 Ant·
437 3703 503 3764 Aug.
765 3699 853 3762 quitur
861 3697 980 3754 Plautus,
988 3701 1162 3758 reportarunt.
1172 3693 1223 3740 Jor.
1230 3692 1294 3743 Soet.

232 3778 363 3829 Pixuturii
374 3777 471 3841 iuriqii.
482 3776 544 3826 Idus
552 3776 632 3828 iunii.
650 3775 727 3826 Orid.
799 3772 904 3821 Pucino
922 3769 1033 3833 psbtieoe]
1057 3768 1171 3818 Martini.
1195 3767 1295 3816 ‘Piret-

202 3857 272 3905 Fmt.
289 3867 326 3904 vr.
342 3854 448 3902 ‘Tertia
467 3860 525 3916 port
548 3865 628 3901 nonas
647 3865 727 3901 remo·
766 3861 824 3896 num
842 3851 916 3908 peto,
933 3857 984 3892 uon
995 3845 1055 3892 ticet
1067 3842 1175 3892 umere)
1206 3843 1296 3892 Verba

203 3945 263 3980 vere
283 3931 402 3994 byssaun
423 3929 521 3978 Ptroebs
544 3929 647 3983 Fertur,
667 3935 729 3977 ets
767 3921 861 3974 Lucilii
875 3921 911 3970 sic
923 3920 1027 3984 tegebat
1045 3919 1169 3981 Scaliger.
1206 3917 1296 3967 Oitmo

200 4015 335 4067 tergonou
348 4003 427 4052 must
442 4017 502 4052 ursa
520 4009 625 4052 metum.
657 4003 729 4052 Tune
767 4015 817 4062 ore,
835 3997 911 4060 mit,
931 3995 1077 4058 padnensis,
1097 4007 1169 4042 rerer.
1202 3993 1236 4041 Et
1258 3994 1297 4044 itu

198 4095 248 4144 ego
259 4093 299 4129 me
311 4077 414 4128 memini
427 4077 499 4127 iudos
508 4078 729 4140 ingrumtnocsm·
766 4073 884 4126 Sebeda.
899 4069 1032 4121 Turnebus
1044 4079 1105 4114 vero
1118 4066 1162 4115 tib.
1171 4079 1228 4116 xrr.
1237 4082 1295 4133 esp.

197 4157 226 4221 pt
244 4155 381 4220 Amisere,
398 4161 425 4203 et
437 4153 526 4217 didici,
538 4153 638 4202 lubrice
647 4153 728 4208 Tibri,
767 4155 809 4201 ²2.
840 4147 931 4197 Obtusa
941 4159 980 4194 m
990 4141 1295 4206 maiipiscirmisqme·

201 4239 267 4281 tuos.
300 4231 379 4279 Festa
398 4229 453 4278 diss
466 4228 527 4290 titis,
546 4230 589 4292 qni
607 4229 660 4279 tina
676 4243 728 4278 rus·
767 4221 935 4288 aequabis.

203 4307 293 4358 dentis
310 4305 419 4370 ducunt,
441 4305 542 4371 Quique
566 4313 656 4369 tagum
671 4320 729 4371 par·
