3194 4942
300 399 365 467 oro
640 419 745 468 semu
772 419 923 466 rourum
950 419 1053 468 resur

350 611 356 624 .
459 611 467 626 .
572 609 580 624 .
666 573 721 628 tur
796 611 804 626 .

348 667 774 731 .aird.tab·.
859 667 1123 732 irum...

303 768 441 832 Postica
455 769 542 832 tinea
556 769 592 832 in
607 769 694 850 egris
709 768 897 834 dividendis
912 769 955 834 ab
971 769 1093 834 oriente
1108 765 1152 831 ad
1167 785 1224 831 oo·
1253 765 1392 848 [Pron.

344 874 610 953 oasumspeotat.

221 991 230 1006 ·
302 969 500 1036 Postioumb
525 971 646 1036 ostium
669 971 789 1048 dieitur
811 970 846 1034 in
866 972 1049 1053 posteriore
1070 976 1164 1054 parte
1185 989 1232 1034 ω·
1267 969 1393 1046 [Fesr.

343 1073 454 1137 dium:
490 1079 635 1137 cetorum
660 1073 789 1156 antiqui
814 1073 915 1137 etiam
946 1073 1089 1138 vicinum
1116 1073 1320 1138 habitantem
1348 1070 1392 1134 ad

344 1173 557 1256 posteriorem
579 1179 703 1255 partem
725 1173 848 1238 aedium
871 1175 921 1238 sio
940 1174 1165 1259 appellarunt:
1188 1173 1343 1255 donique,
1359 1177 1393 1236 et

343 1295 419 1358 quae
435 1280 511 1340 aute
525 1293 590 1338 nos
605 1283 694 1353 snut,
712 1276 822 1340 antica
835 1296 843 1356 ;
869 1281 902 1340 et
915 1295 992 1360 quae
1007 1285 1087 1360 post
1101 1295 1162 1340 nos
1177 1279 1267 1351 suut,
1282 1273 1392 1355 posti·

344 1394 386 1438 ca
412 1375 577 1453 dicuutur,
598 1381 631 1439 et
656 1376 808 1440 dextram
832 1377 985 1454 anticam,
1007 1378 1176 1442 sinistram
1199 1373 1390 1458 posticame

344 1475 508 1540 dicimus:
531 1477 581 1540 sic
596 1477 696 1539 etiam
712 1496 753 1540 ea
765 1477 844 1541 coeli
859 1475 965 1560 pars,d
977 1497 1053 1560 quoe
1069 1479 1141 1543 sole
1153 1477 1337 1541 iliustretur
1345 1471 1392 1536 ad

341 1578 528 1654 meridiem,
557 1579 667 1644 antica
687 1579 804 1662 utique
832 1580 1036 1660 nominatum
1074 1599 1150 1662 quae
1171 1577 1215 1643 ad
1240 1575 1392 1658 Septem-

345 1677 484 1742 trionem
498 1684 561 1756 est,
576 1680 723 1762 posticas
744 1699 936 1763 rursumque
951 1681 1144 1746 dividuntur
1163 1679 1197 1742 iu
1217 1677 1302 1743 duae
1316 1692 1395 1758 par·

345 1784 407 1855 tes,
421 1780 592 1858 orientem,
609 1788 709 1864 atque
724 1779 941 1846 occidentem.

302 1877 547 1946 Postliminium
558 1889 587 1920 ²⁰
601 1888 755 1965 receptus
768 1883 889 1947 dicitnr
900 1885 954 1962 is,¹
972 1884 1028 1967 qni
1045 1881 1233 1948 extralimi·
1253 1879 1391 1958 [Pron.

344 1999 399 2058 na,
414 1981 478 2046 hoc
498 1990 563 2060 est,
580 1985 735 2047 terminos
755 1985 942 2068 provinciae
957 1997 1077 2067 captus
1092 1984 1208 2060 suerat,
1222 1997 1334 2046 rursus
1349 1980 1393 2042 ad

345 2082 480 2163 propria
494 2085 675 2148 revertitur.

758 2259 802 2281 m
804 2261 937 2283 ΙΙΙΙΙΙΙ

333 2373 364 2418 2⁰
376 2369 424 2418 Vir
434 2369 505 2421 doct.
517 2373 542 2421 iu
555 2387 634 2438 marg,
644 2376 687 2426 ed.
699 2376 766 2428 Seni.
778 2379 847 2442 conj.
858 2379 1065 2429 Pandateria-1
1076 2379 1136 2429 Vet.
1146 2378 1192 2428 tib.
1203 2381 1309 2442 receptur
1319 2379 1353 2425 ert
1363 2375 1391 2423 r's.

789 2553 815 2602 N
819 2551 901 2603 OTAE

333 2659 493 2724 renuerem]
512 2661 825 2728 Ltv.tib.r.¹1iegtones
866 2666 985 2731 πῳέθυρο
1000 2667 1099 2716 κατόπιν
1116 2667 1160 2716 τοῦ
1178 2665 1257 2714 οἴκου]
1297 2662 1392 2728 vulgo,

267 2761 270 2774 ·
300 2733 444 2786 oboriente
457 2736 488 2784 ad
501 2751 619 2786 occasum
635 2738 826 2802 determinavit,
863 2749 932 2808 porte
943 2746 972 2792 de
982 2745 1094 2794 deniere.
1112 2745 1181 2793 Dee.

300 2809 462 2862 dexterusud
481 2811 825 2877 meridiemperterdrerm·
897 2820 958 2869 eiit
985 2821 1096 2870 dextrum
1127 2819 1241 2880 uene,
1266 2816 1391 2866 Mrem

301 2903 352 2951 que
363 2887 394 2936 ed
409 2888 537 2936 sinistrum
548 2902 602 2937 esre
615 2889 696 2939 dixin·
714 2891 748 2940 rit
759 2894 825 2941 Vui-
863 2897 989 2961 pontiam]
1016 2897 1117 2948 Dextra
1134 2903 1162 2946 et
1181 2896 1285 2946 rinirtre
1304 2893 1393 2943 mundi

301 2977 329 3011 ro
342 2963 387 3013 tib.
400 2979 437 3011 vr.
455 2963 533 3024 ‘Ejus
545 2965 636 3026 tempti
658 2971 744 3027 prrter
766 2982 825 3031 qua·
867 2986 926 3035 perr
948 2973 1018 3022 varie
1034 2971 1172 3036 accipitur·
1204 2971 1271 3020 Nem
1292 2968 1394 3030 auguri·

300 3047 366 3092 tuor,
384 3037 488 3085 sinistre
503 3038 535 3086 ab
553 3039 662 3100 oriente,
678 3041 771 3090 dextra
792 3043 825 3092 ab
867 3047 913 3096 bur
922 3053 949 3096 et
967 3044 1103 3109 astrologis
1115 3047 1221 3096 eiuirtre
1238 3052 1279 3093 ert
1296 3042 1393 3098 oriem,

301 3124 412 3158 occasu:
426 3111 512 3160 eutice
520 3111 551 3160 ud
565 3113 697 3163 meridiem
708 3132 713 3160 :
728 3117 826 3178 postico
867 3121 958 3172 dextre
970 3122 1097 3183 occident,
1108 3121 1176 3170 nude
1190 3119 1289 3169 iactum
1299 3127 1352 3180 err,
1363 3126 1395 3168 nt

300 3183 332 3230 ud
344 3185 572 3248 septemtrionem!
585 3187 653 3238 Ptin.
666 3189 710 3239 tib.
726 3203 824 3257 rueap.
866 3197 897 3246 tir
916 3199 1020 3247 sinistra
1041 3196 1154 3260 auspicia
1168 3195 1267 3244 dortrir
1284 3196 1395 3244 mettere

301 3259 508 3310 ⁵4·F“1·Uv·³¹'²¹·
865 3288 967 3338 semper
984 3274 1074 3322 habita
1092 3273 1152 3322 rint.
1184 3271 1346 3334 Geogrepirie
1364 3273 1397 3320 ri·

333 3333 465 3414 Poeticnm]
482 3338 651 3390 Grammatioi
670 3343 764 3401 Graeci,
781 3365 824 3395 ru·
865 3350 945 3399 nistre
968 3357 1007 3399 ert
1030 3349 1159 3411 occidens,
1179 3348 1273 3397 dextre
1293 3348 1392 3398 oriens.

298 3405 393 3472 tim»
419 3411 457 3460 “²²
479 3413 625 3477 weidner·
647 3419 687 3468 rui
703 3419 823 3485 πρόθυρα
865 3424 1395 3476 Potororrummrrommobremmtbm

299 3483 397 3534 κατόπιν
406 3489 448 3535 τοῦ
457 3488 528 3540 utero.
543 3493 596 3540 Jor.
607 3493 672 3544 Scut.
864 3501 969 3550 sinistra
978 3509 1018 3551 ert
1029 3501 1197 3565 septemtrio,
1209 3501 1302 3550 dextra
1315 3501 1395 3549 meri·

331 3563 453 3614 Ponticum
473 3569 569 3633 ortium]
594 3571 731 3634 Diruuguo
749 3574 824 3634 porti·
864 3576 929 3636 dier,
946 3576 1041 3626 eirdem
1058 3591 1165 3626 oeerrur
1184 3575 1297 3625 riderem
1317 3587 1394 3638 rpee·

298 3645 464 3704 commutem,
481 3647 522 3708 isc.
540 3647 633 3697 dieitur
651 3649 775 3710 porticum,
796 3657 824 3698 et
865 3650 990 3713 tentibus,
1011 3651 1116 3700 riuirtrr
1134 3656 1176 3700 eet
1191 3648 1394 3712 uortendeutrt

295 3718 401 3778 portico:
413 3721 485 3782 titud,
497 3723 715 3787 subinteitigeodo
727 3726 824 3784 ortium,
865 3725 972 3778 Boreae.
988 3726 1062 3776 Idem.

297 3793 354 3859 troc,
362 3797 665 3864 subintelligendojunan,
677 3803 733 3851 rive
742 3807 822 3865 portu,
895 3800 907 3835 ‘¹
924 3801 967 3852 die
976 3803 1048 3852 etiem
1058 3815 1086 3850 ea
1096 3799 1148 3850 curt
1156 3801 1225 3865 perr]
1243 3799 1393 3863 Auguribus

298 3869 384 3920 Quare
396 3871 473 3922 tetrus
485 3883 526 3922 ert
542 3877 655 3936 Servius,
666 3879 708 3941 qui
720 3881 823 3940 putavit
864 3881 984 3930 meridies
999 3881 1091 3946 entier,
1114 3877 1215 3942 portien
1230 3876 1393 3941 Septentrio

297 3959 400 4010 semper
416 3949 441 3996 iu
453 3955 544 3998 neutro
556 3953 660 3998 ortuum
672 3961 699 4000 et
709 3955 824 4013 murteum
864 3953 969 4016 dicitur,
982 3957 1043 4020 quis
1064 3954 1082 4004 ii
1103 3953 1236 4002 meridiem
1258 3957 1391 4015 speeiem,

297 4019 356 4086 diei,
377 4025 424 4071 uiri
437 4037 502 4093 pum
519 4033 578 4072 suut
598 4039 675 4073 vocer
691 4040 824 4089 augurum,
864 4030 937 4079 irunt
948 4031 980 4079 ed
992 4031 1120 4080 sinistrum
1137 4029 1273 4090 orientem,
1283 4027 1315 4076 ed
1328 4027 1391 4076 der-

298 4097 340 4160 qoi
357 4101 469 4158 porticum
479 4101 720 4162 septemtrionalem
732 4103 821 4152 rotrudi
863 4113 928 4156 trum
940 4107 1101 4157 occidentem
1113 4104 1235 4156 iubeant.
1260 4101 1328 4152 Vide
1339 4101 1389 4149 ‘ri-

297 4178 527 4236 patremmeum
547 4193 608 4228 vero
629 4179 822 4232 meridionalem
863 4181 960 4232 nistre!
976 4183 1050 4232 Idem.

298 4245 396 4298 dicunt.
429 4251 461 4300 In
484 4255 582 4306 Gtosrir
608 4257 675 4307 enim
698 4259 822 4322 ‘posttea
