3194 4942
347 457 397 505 DE
421 453 627 503 VBRB⁰RUM
653 451 963 503 SIGNIFIOA'HONR
987 453 1058 502 nin.
1084 453 1165 502 xlv.
1237 439 1303 504 677

253 617 438 683 cognomen
458 602 529 662 erat
552 603 687 682 propter
703 595 894 674 candorem,
909 595 1001 680 quod
1025 595 1098 679 ejus
1123 595 1215 661 natis
1238 595 1303 661 sul·

255 701 344 764 mine
358 701 427 764 icta
440 705 524 764 crat.
559 697 700 782 Antiqui
716 703 824 764 autem
839 717 990 781 puerum,
1006 717 1104 782 quem
1115 698 1194 782 quis
1209 717 1300 764 ama·

256 801 327 880 bat,
341 799 469 884 pullum
484 799 559 884 eJus
573 799 740 865 dicebant.

213 901 315 980 Puer,
342 901 401 985 qui
423 903 582 966 obscoene
605 901 649 964 ob
672 899 786 984 aliquo
809 902 994 978 emebatur,
1010 899 1094 983 ejus,
1121 917 1141 962 a
1166 898 1303 982 [Paua.

254 1022 324 1087 quo
346 1007 476 1068 amatus
498 1009 598 1081 esset,
620 1001 733 1086 pullus
759 1003 956 1080 vocabatur,
984 1001 1070 1068 unde
1092 999 1138 1080 Q.
1162 1001 1303 1082 Fabius,

254 1105 311 1172 cui
326 1105 463 1170 Eburno
478 1121 657 1187 cognomen
677 1107 747 1169 eret
761 1107 898 1186 propter
921 1101 1109 1181 candorem,
1124 1101 1216 1188 quod
1231 1102 1304 1187 ejus

253 1207 342 1278 natis
357 1205 495 1270 fulmine
511 1203 602 1270 icte⁶
616 1211 708 1269 esset
722 1203 833 1288 pullus
847 1203 871 1269 J
873 1205 947 1268 oris
963 1203 1153 1288 appellatus
1165 1211 1228 1269 est.

211 1307 296 1372 Puls
308 1308 522 1393 potissimum
537 1299 705 1372 debaturf
723 1301 830 1390 pullis
855 1305 889 1369 in
913 1305 1088 1390 auspiciis,
1102 1305 1181 1390 quia
1203 1325 1247 1370 ex
1263 1325 1304 1372 ea

251 1427 390 1474 necesso
403 1414 474 1474 crat
486 1407 615 1492 aliquid
631 1405 796 1486 decidere,
811 1405 903 1491 quod
917 1405 1097 1490 tripudium
1112 1406 1252 1486 iaceret,
1266 1407 1303 1472 id

253 1516 317 1588 est,
331 1509 563 1592 terripavium:
585 1507 724 1592 pavira⁷
749 1509 837 1572 enim
862 1505 958 1572 ferire
979 1513 1048 1573 est:
1070 1508 1191 1574 bonum
1213 1509 1303 1574 enirn

254 1613 426 1694 augurium
441 1629 518 1674 esse
533 1609 709 1693 putebant,
733 1610 764 1674 si
778 1609 874 1693 pulli,
895 1629 956 1694 per
970 1627 1057 1693 qnos
1076 1609 1303 1693 auspicaban-

208 1759 211 1764 -
255 1720 319 1791 tur,
334 1710 574 1789 comedissent,
596 1711 779 1794 praesertim
797 1712 828 1774 si
851 1712 902 1774 eis
922 1711 1101 1776 edentibus
1115 1711 1243 1796 aliquid
1257 1712 1302 1776 ab

252 1835 309 1881 ore
328 1813 525 1879 decidisset:
549 1813 599 1878 sin
616 1817 728 1877 autem
744 1813 879 1878 omnino
898 1829 964 1877 non
979 1813 1137 1892 edissent,
1163 1813 1303 1880 arbitra·

207 1903 210 1911 ’
251 1919 373 1984 bantur
387 1914 572 2000 periculum
587 1911 770 1980 imminere.

207 2021 296 2088 Pnls
317 2017 527 2104 potissimum
543 2015 642 2082 dator
656 2015 759 2099 pullis
773 2017 809 2082 in
824 2009 1002 2100 auspiciis,
1023 2015 1105 2100 qnia
1119 2033 1163 2080 ex
1177 2014 1301 2092 [Fasr.

252 2143 292 2189 ec
306 2139 436 2186 necesse
450 2117 587 2182 decidere
601 2118 763 2184 interram
777 2116 909 2205 aliquid,
932 2115 1015 2204 qood
1028 2115 1201 2202 tripudium
1211 2113 1304 2202 suce-

249 2235 307 2304 ret,
320 2223 354 2290 id
363 2225 427 2300 est,
436 2219 650 2306 terripavium,
661 2219 784 2306 (punire
793 2215 983 2306 enimsm'rc
992 2225 1068 2299 θεὴ)
1079 2239 1117 2282 eu
1128 2238 1189 2304 quo
1198 2215 1298 2282 notio-

251 2349 320 2392 nem
331 2321 679 2410 cuperentsuturt'mom
689 2319 803 2405 sipulii
812 2343 871 2405 per
885 2343 960 2406 quoa
973 2317 1216 2406 auspicabantur
1230 2337 1301 2384 non

205 2443 209 2450 '
252 2427 391 2504 edissent,
414 2423 589 2510 periculum
612 2422 768 2487 imminere
792 2419 1049 2485 arbitrabuntur:
1071 2429 1104 2484 ut
1118 2421 1177 2504 qni
1198 2417 1303 2504 pavis·

253 2538 329 2607 sent,
345 2525 454 2592 bonum
468 2525 638 2613 augurium
651 2545 712 2589 erse
720 2521 891 2609 putabunt,
902 2521 929 2586 ri
943 2529 1012 2588 tum
1028 2540 1073 2586 ex
1088 2541 1140 2584 ore
1153 2519 1196 2584 eis
1211 2519 1302 2585 eden·

252 2631 335 2696 tibio
348 2627 472 2716 aliquid
484 2626 653 2692 decidium.

207 2733 506 2800 l'nnctotoriolus¹
527 2729 614 2794 levis
639 2746 771 2813 pugnas
797 2726 943 2812 appellet
966 2723 1051 2792 Ceto
1075 2726 1110 2790 in
1132 2739 1185 2801 ea,
1200 2739 1301 2806 quam

252 2835 339 2901 dixit
353 2833 396 2900 de
410 2853 445 2899 re
462 2831 606 2899 Histriae
620 2829 768 2896 militari.

665 3039 844 3064 umectent

240 3201 258 3247 e
273 3195 333 3248 vet.
344 3195 391 3250 iib.
401 3199 525 3247 turta-t
541 3195 604 3246 Vct.
616 3191 663 3245 tib,
673 3193 786 3259 purtim
799 3189 892 3254 petre.

625 3385 629 3390 “
703 3399 811 3453 norm

204 3538 325 3603 mbo,
344 3539 431 3601 puto.
464 3536 522 3588 Nisi
549 3534 624 3586 maiis
648 3533 735 3598 petiae
774 3526 930 3580 tubicinat.
948 3517 1305 3584 ‘oetaeumpuutpmmm

207 3627 264 3664 ecre
279 3629 296 3664 ι
305 3615 396 3678 rems,
412 3611 480 3676 quod
492 3611 552 3662 mibi
562 3611 643 3662 attam
655 3609 736 3672 magis
776 3612 827 3670 tur,
837 3615 944 3654 necesse
956 3605 997 3650 est
1008 3595 1106 3663 aliquid
1124 3609 1156 3645 ax
1171 3605 1217 3642 ore
1228 3587 1306 3640 crde·

207 3689 374 3754 plumbeam
387 3691 467 3740 πῶλος
478 3685 736 3746 Gmcirertamitus,
776 3694 804 3730 re
826 3685 854 3729 et
876 3683 971 3728 terram
998 3672 1108 3737 perires
1136 3663 1306 3729 terripavium

138 3765 142 3773 '
207 3771 237 3815 et
251 3765 385 3816 meretrix.
417 3764 531 3829 Hesycb.
546 3766 626 3813 πῶλος
644 3753 736 3823 iritpc,
776 3757 937 3822 primo,pott
954 3747 1124 3814 terripudium
1136 3741 1305 3794 dictumest:

205 3839 440 3904 *ὗλννετδρώτὺε
455 3838 549 3900 bna.
571 3834 736 3901 uior‘appobi·
774 3834 825 3884 boc
843 3829 945 3896 quidem
960 3827 1017 3890 jam
1034 3821 1175 3889 tripudium
1191 3816 1307 3867 dicitnrr

206 3916 363 3981 urbm,
374 3915 391 3976 i
401 3914 457 3967 robe
472 3915 548 3978 visor,
563 3913 603 3964 rei
619 3913 663 3964 ube
673 3909 738 3976 rios,
775 3924 835 3961 cum
857 3903 909 3958 offa
926 3901 1023 3954 cecidit
1042 3915 1075 3952 ex
1095 3911 1140 3948 ore
1155 3891 1233 3960 peith
1251 3898 1307 3940 tnm

205 3991 392 4058 ’ἅψῃ
426 3991 459 4042 id
473 3999 531 4044 est:
549 3989 737 4052 ‘Pullur,ami·
775 3977 1074 4050 auspicantitripudium
1084 3971 1307 4024 roiisdmumnun·

206 4085 255 4122 ca:
272 4085 331 4120 num
351 4070 434 4134 pullos
451 4083 496 4119 ear
513 4065 655 4118 vocabant:
674 4079 735 4128 quo·
776 4058 861 4122 tiantl
895 4055 963 4108 Vide
979 4045 1166 4136 ‘solistimum'
1183 4043 1258 4131 Iden.

206 4147 294 4211 mede,
311 4147 424 4198 veneris
436 4146 536 4210 potior:
553 4143 594 4193 vet
606 4155 698 4208 pueros
709 4146 737 4190 et
808 4145 821 4181 ι
836 4129 1042 4193 rememoro]
1060 4123 1154 4176 Melius
1168 4127 1197 4172 nt
1210 4133 1235 4168 rr
1253 4117 1306 4168 Μι.

210 4219 490 4287 μοὶίυουὶτιὶηοε3
506 4219 582 4270 idm.
777 4211 951 4265 Poiaessa.
983 4205 1008 4256 Δ
1021 4215 1110 4270 puseo,
1125 4197 1306 4260 Puncta-,isc

238 4295 324 4354 'Petu
340 4297 490 4363 potissime·
507 4291 620 4358 nutv]
639 4291 738 4346 'rullius
778 4289 861 4352 idem.
