<?xml version="1.0" encoding="UTF-8"?>
<!DOCTYPE html PUBLIC "-//W3C//DTD XHTML 1.0 Transitional//EN"
    "http://www.w3.org/TR/xhtml1/DTD/xhtml1-transitional.dtd">
<html xmlns="http://www.w3.org/1999/xhtml" xml:lang="en" lang="en">
 <head>
  <title>
</title>
<meta http-equiv="Content-Type" content="text/html;charset=utf-8" />
  <meta name='ocr-system' content='tesseract 3.04.00' />
  <meta name='ocr-capabilities' content='ocr_page ocr_carea ocr_par ocr_line ocrx_word'/>
</head>
<body>
  <div class='ocr_page' id='page_1' title='image "./mverriiflacciqu00flacgoog/mverriiflacciqu00flacgoog_0231.png"; bbox 0 0 3194 4942; ppageno 0'>
   <div class='ocr_carea' id='block_1_1' title="bbox 304 363 1067 434">
    <p class='ocr_par' dir='ltr' id='par_1_1' title="bbox 304 363 1067 434">
     <span class='ocr_line' id='line_1_1' title="bbox 304 363 1067 434; baseline 0.003 -2"><span class='ocrx_word' id='word_1_1' title='bbox 304 363 370 432; x_wconf 85' lang='grc'>666</span> <span class='ocrx_word' id='word_1_2' title='bbox 647 381 759 432; x_wconf 82' lang='lat' dir='ltr'>suxrr</span> <span class='ocrx_word' id='word_1_3' title='bbox 786 383 938 432; x_wconf 84' lang='lat' dir='ltr'>rouuurr</span> <span class='ocrx_word' id='word_1_4' title='bbox 963 385 1067 434; x_wconf 83' lang='lat' dir='ltr'>rasrr</span> 
     </span>
    </p>
   </div>
   <div class='ocr_carea' id='block_1_2' title="bbox 345 521 1391 1020">
    <p class='ocr_par' dir='ltr' id='par_1_2' title="bbox 345 521 1391 1020">
     <span class='ocr_line' id='line_1_2' title="bbox 347 521 1388 614; baseline 0.004 -27"><span class='ocrx_word' id='word_1_5' title='bbox 347 523 490 607; x_wconf 81' lang='lat' dir='ltr'>pomerii</span> <span class='ocrx_word' id='word_1_6' title='bbox 503 521 702 605; x_wconf 80' lang='lat' dir='ltr'>proferendi,</span> <span class='ocrx_word' id='word_1_7' title='bbox 716 525 772 609; x_wconf 82' lang='lat' dir='ltr'>qui</span> <span class='ocrx_word' id='word_1_8' title='bbox 791 524 943 610; x_wconf 82' lang='lat' dir='ltr'>pupulum</span> <span class='ocrx_word' id='word_1_9' title='bbox 963 525 1141 592; x_wconf 80' lang='lat' dir='ltr'>Romanum</span> <span class='ocrx_word' id='word_1_10' title='bbox 1169 547 1246 614; x_wconf 84' lang='lat' dir='ltr'>agro</span> <span class='ocrx_word' id='word_1_11' title='bbox 1270 527 1308 592; x_wconf 81' lang='lat' dir='ltr'>de</span> <span class='ocrx_word' id='word_1_12' title='bbox 1322 525 1388 592; x_wconf 76' lang='lat' dir='ltr'>ior·</span> 
     </span>
     <span class='ocr_line' id='line_1_3' title="bbox 347 622 1389 713; baseline 0.006 -27"><span class='ocrx_word' id='word_1_13' title='bbox 347 622 430 686; x_wconf 82' lang='lat' dir='ltr'>tibur</span> <span class='ocrx_word' id='word_1_14' title='bbox 458 632 545 706; x_wconf 84' lang='lat' dir='ltr'>capto</span> <span class='ocrx_word' id='word_1_15' title='bbox 562 636 741 694; x_wconf 65' lang='lat' dir='ltr'>‚animum</span> <span class='ocrx_word' id='word_1_16' title='bbox 775 627 1020 712; x_wconf 71' lang='lat' dir='ltr'>avitiquiaaimum</span> <span class='ocrx_word' id='word_1_17' title='bbox 1050 625 1180 692; x_wconf 77' lang='lat' dir='ltr'><em>Romuli</em></span> <span class='ocrx_word' id='word_1_18' title='bbox 1208 628 1389 713; x_wconf 70' lang='lat' dir='ltr'>pmnoerium</span> 
     </span>
     <span class='ocr_line' id='line_1_4' title="bbox 348 721 1390 814; baseline 0.005 -28"><span class='ocrx_word' id='word_1_19' title='bbox 348 721 495 787; x_wconf 76' lang='lat' dir='ltr'><em>Palatini</em></span> <span class='ocrx_word' id='word_1_20' title='bbox 520 725 630 788; x_wconf 74' lang='lat' dir='ltr'>montis</span> <span class='ocrx_word' id='word_1_21' title='bbox 656 726 810 790; x_wconf 65' lang='lat' dir='ltr'>radicibus</span> <span class='ocrx_word' id='word_1_22' title='bbox 839 728 1085 792; x_wconf 79' lang='lat' dir='ltr'>temninabatur:</span> <span class='ocrx_word' id='word_1_23' title='bbox 1116 729 1252 814; x_wconf 83' lang='lat' dir='ltr'>portulr&#39;t</span> <span class='ocrx_word' id='word_1_24' title='bbox 1270 728 1306 794; x_wconf 80' lang='lat' dir='ltr'>id</span> <span class='ocrx_word' id='word_1_25' title='bbox 1321 727 1390 792; x_wconf 82' lang='lat' dir='ltr'>Ser.</span> 
     </span>
     <span class='ocr_line' id='line_1_5' title="bbox 351 823 1391 914; baseline 0.004 -26"><span class='ocrx_word' id='word_1_26' title='bbox 351 823 472 888; x_wconf 74' lang='lat' dir='ltr'>Tullius</span> <span class='ocrx_word' id='word_1_27' title='bbox 486 845 549 889; x_wconf 78' lang='lat' dir='ltr'>rea.</span> <span class='ocrx_word' id='word_1_28' title='bbox 594 824 674 889; x_wconf 83' lang='lat' dir='ltr'>Item</span> <span class='ocrx_word' id='word_1_29' title='bbox 689 823 731 894; x_wconf 89' lang='lat' dir='ltr'>L.</span> <span class='ocrx_word' id='word_1_30' title='bbox 749 825 910 892; x_wconf 73' lang='lat' dir='ltr'>Cornelius</span> <span class='ocrx_word' id='word_1_31' title='bbox 934 827 1025 914; x_wconf 75' lang='lat' dir='ltr'><em>Sylla</em></span> <span class='ocrx_word' id='word_1_32' title='bbox 1039 829 1174 894; x_wconf 80' lang='lat' dir='ltr'>dictator</span> <span class='ocrx_word' id='word_1_33' title='bbox 1187 830 1338 907; x_wconf 76' lang='lat' dir='ltr'>imitatus,</span> <span class='ocrx_word' id='word_1_34' title='bbox 1354 838 1391 891; x_wconf 82' lang='lat' dir='ltr'>ut</span> 
     </span>
     <span class='ocr_line' id='line_1_6' title="bbox 345 923 1390 1020; baseline 0.003 -30"><span class='ocrx_word' id='word_1_35' title='bbox 345 923 479 1005; x_wconf 83' lang='lat' dir='ltr'>uidetur,</span> <span class='ocrx_word' id='word_1_36' title='bbox 498 923 634 988; x_wconf 82' lang='lat' dir='ltr'>Tullium</span> <span class='ocrx_word' id='word_1_37' title='bbox 647 924 763 1013; x_wconf 82' lang='lat' dir='ltr'>Regem</span> <span class='ocrx_word' id='word_1_38' title='bbox 772 927 916 1014; x_wconf 73' lang='lat' dir='ltr'>proferre</span> <span class='ocrx_word' id='word_1_39' title='bbox 930 931 1104 1015; x_wconf 81' lang='lat' dir='ltr'>temptauit.</span> <span class='ocrx_word' id='word_1_40' title='bbox 1137 929 1200 996; x_wconf 83' lang='lat' dir='ltr'>Sed</span> <span class='ocrx_word' id='word_1_41' title='bbox 1207 931 1390 1020; x_wconf 72' lang='lat' dir='ltr'>pomarium</span> 
     </span>
    </p>
   </div>
   <div class='ocr_carea' id='block_1_3' title="bbox 794 1151 900 1202">
    <p class='ocr_par' dir='ltr' id='par_1_3' title="bbox 794 1151 900 1202">
     <span class='ocr_line' id='line_1_7' title="bbox 794 1151 900 1202; baseline -0.009 0"><span class='ocrx_word' id='word_1_42' title='bbox 794 1151 900 1202; x_wconf 78' lang='lat' dir='ltr'>NOTAE</span> 
     </span>
    </p>
   </div>
   <div class='ocr_carea' id='block_1_4' title="bbox 252 1271 1427 4282">
    <p class='ocr_par' dir='ltr' id='par_1_4' title="bbox 252 1271 1427 4282">
     <span class='ocr_line' id='line_1_8' title="bbox 304 1271 1390 1348; baseline -0.003 -16"><span class='ocrx_word' id='word_1_43' title='bbox 304 1289 344 1332; x_wconf 82' lang='lat' dir='ltr'>tra</span> <span class='ocrx_word' id='word_1_44' title='bbox 354 1296 442 1348; x_wconf 71' lang='lat' dir='ltr'>agroru</span> <span class='ocrx_word' id='word_1_45' title='bbox 459 1280 574 1340; x_wconf 86' lang='lat' dir='ltr'>effatum,</span> <span class='ocrx_word' id='word_1_46' title='bbox 594 1297 641 1347; x_wconf 89' lang='lat' dir='ltr'>per</span> <span class='ocrx_word' id='word_1_47' title='bbox 658 1283 738 1333; x_wconf 75' lang='lat' dir='ltr'>totius</span> <span class='ocrx_word' id='word_1_48' title='bbox 754 1283 825 1332; x_wconf 85' lang='lat' dir='ltr'>urbia</span> <span class='ocrx_word' id='word_1_49' title='bbox 865 1284 942 1348; x_wconf 87' lang='lat' dir='ltr'>quale</span> <span class='ocrx_word' id='word_1_50' title='bbox 953 1283 1001 1333; x_wconf 83' lang='lat' dir='ltr'>rub</span> <span class='ocrx_word' id='word_1_51' title='bbox 1013 1271 1134 1333; x_wconf 83' lang='lat' dir='ltr'>Gallieno</span> <span class='ocrx_word' id='word_1_52' title='bbox 1150 1285 1283 1342; x_wconf 82' lang='lat' dir='ltr'>evenerat,</span> <span class='ocrx_word' id='word_1_53' title='bbox 1299 1291 1390 1343; x_wconf 79' lang='lat' dir='ltr'>prore·</span> 
     </span>
     <span class='ocr_line' id='line_1_9' title="bbox 303 1357 1389 1422; baseline -0.004 -14"><span class='ocrx_word' id='word_1_54' title='bbox 303 1357 437 1408; x_wconf 79' lang='lat' dir='ltr'>circuitum</span> <span class='ocrx_word' id='word_1_55' title='bbox 461 1373 528 1422; x_wconf 89' lang='lat' dir='ltr'>poue</span> <span class='ocrx_word' id='word_1_56' title='bbox 560 1371 645 1408; x_wconf 80' lang='lat' dir='ltr'>muron</span> <span class='ocrx_word' id='word_1_57' title='bbox 677 1359 825 1422; x_wconf 71' lang='lat' dir='ltr'>regionibus</span> <span class='ocrx_word' id='word_1_58' title='bbox 865 1359 941 1415; x_wconf 86' lang='lat' dir='ltr'>niret,</span> <span class='ocrx_word' id='word_1_59' title='bbox 951 1357 1177 1408; x_wconf 85' lang='lat' dir='ltr'>adhibitoconriiio</span> <span class='ocrx_word' id='word_1_60' title='bbox 1186 1357 1294 1405; x_wconf 79' lang='lat' dir='ltr'>Senatui</span> <span class='ocrx_word' id='word_1_61' title='bbox 1303 1367 1389 1404; x_wconf 76' lang='lat' dir='ltr'>rouro·</span> 
     </span>
     <span class='ocr_line' id='line_1_10' title="bbox 302 1431 1390 1497; baseline -0.006 -13"><span class='ocrx_word' id='word_1_62' title='bbox 302 1432 588 1495; x_wconf 78' lang='lat' dir='ltr'>centauetermtnetui,</span> <span class='ocrx_word' id='word_1_63' title='bbox 607 1434 650 1497; x_wconf 84' lang='lat' dir='ltr'>qui</span> <span class='ocrx_word' id='word_1_64' title='bbox 669 1431 733 1484; x_wconf 77' lang='lat' dir='ltr'>facit</span> <span class='ocrx_word' id='word_1_65' title='bbox 749 1433 825 1484; x_wconf 84' lang='lat' dir='ltr'>finem</span> <span class='ocrx_word' id='word_1_66' title='bbox 865 1435 937 1482; x_wconf 83' lang='lat' dir='ltr'>urbia</span> <span class='ocrx_word' id='word_1_67' title='bbox 958 1434 1045 1483; x_wconf 75' lang='lat' dir='ltr'>Rorun</span> <span class='ocrx_word' id='word_1_68' title='bbox 1066 1431 1193 1482; x_wconf 79' lang='lat' dir='ltr'>dilatarit.</span> <span class='ocrx_word' id='word_1_69' title='bbox 1227 1431 1285 1481; x_wconf 86' lang='lat' dir='ltr'>Neo</span> <span class='ocrx_word' id='word_1_70' title='bbox 1302 1437 1390 1480; x_wconf 82' lang='lat' dir='ltr'>tamen</span> 
     </span>
     <span class='ocr_line' id='line_1_11' title="bbox 301 1503 1389 1573; baseline -0.005 -15"><span class='ocrx_word' id='word_1_71' title='bbox 301 1509 393 1559; x_wconf 85' lang='lat' dir='ltr'>urbani</span> <span class='ocrx_word' id='word_1_72' title='bbox 429 1509 545 1572; x_wconf 72' lang='lat' dir='ltr'>auspicii.</span> <span class='ocrx_word' id='word_1_73' title='bbox 590 1507 685 1573; x_wconf 73' lang='lat' dir='ltr'>Agrum</span> <span class='ocrx_word' id='word_1_74' title='bbox 720 1507 825 1560; x_wconf 78' lang='lat' dir='ltr'>effetum</span> <span class='ocrx_word' id='word_1_75' title='bbox 865 1510 988 1572; x_wconf 82' lang='lat' dir='ltr'>pomoerio</span> <span class='ocrx_word' id='word_1_76' title='bbox 1007 1508 1109 1558; x_wconf 83' lang='lat' dir='ltr'>addidit</span> <span class='ocrx_word' id='word_1_77' title='bbox 1135 1521 1167 1556; x_wconf 88' lang='lat' dir='ltr'>eo</span> <span class='ocrx_word' id='word_1_78' title='bbox 1197 1514 1323 1570; x_wconf 82' lang='lat' dir='ltr'>tempore.</span> <span class='ocrx_word' id='word_1_79' title='bbox 1341 1503 1389 1554; x_wconf 83' lang='lat' dir='ltr'>aed</span> 
     </span>
     <span class='ocr_line' id='line_1_12' title="bbox 301 1579 1390 1647; baseline -0.004 -15"><span class='ocrx_word' id='word_1_80' title='bbox 301 1583 371 1634; x_wconf 89' lang='lat' dir='ltr'>intra</span> <span class='ocrx_word' id='word_1_81' title='bbox 387 1583 480 1633; x_wconf 85' lang='lat' dir='ltr'>ruoenia</span> <span class='ocrx_word' id='word_1_82' title='bbox 504 1581 584 1634; x_wconf 74' lang='lat' dir='ltr'>fnisse</span> <span class='ocrx_word' id='word_1_83' title='bbox 616 1592 705 1635; x_wconf 87' lang='lat' dir='ltr'>uotum</span> <span class='ocrx_word' id='word_1_84' title='bbox 727 1593 778 1646; x_wconf 80' lang='lat' dir='ltr'>eet,</span> <span class='ocrx_word' id='word_1_85' title='bbox 797 1593 828 1636; x_wconf 79' lang='lat' dir='ltr'>at</span> <span class='ocrx_word' id='word_1_86' title='bbox 865 1591 963 1647; x_wconf 75' lang='lat' dir='ltr'>portet.</span> <span class='ocrx_word' id='word_1_87' title='bbox 980 1583 1109 1634; x_wconf 83' lang='lat' dir='ltr'>Pomoerto</span> <span class='ocrx_word' id='word_1_88' title='bbox 1118 1591 1203 1632; x_wconf 86' lang='lat' dir='ltr'>autem</span> <span class='ocrx_word' id='word_1_89' title='bbox 1216 1579 1311 1630; x_wconf 83' lang='lat' dir='ltr'>nemini</span> <span class='ocrx_word' id='word_1_90' title='bbox 1321 1580 1390 1643; x_wconf 87' lang='lat' dir='ltr'>prin·</span> 
     </span>
     <span class='ocr_line' id='line_1_13' title="bbox 298 1654 1388 1723; baseline -0.005 -15"><span class='ocrx_word' id='word_1_91' title='bbox 298 1658 372 1716; x_wconf 78' lang='lat' dir='ltr'>intra</span> <span class='ocrx_word' id='word_1_92' title='bbox 398 1673 455 1708; x_wconf 90' lang='lat' dir='ltr'>euru</span> <span class='ocrx_word' id='word_1_93' title='bbox 481 1657 531 1708; x_wconf 74' lang='lat' dir='ltr'>fuit</span> <span class='ocrx_word' id='word_1_94' title='bbox 563 1655 721 1723; x_wconf 81' lang='lat' dir='ltr'>poruoeriutu,</span> <span class='ocrx_word' id='word_1_95' title='bbox 747 1663 824 1711; x_wconf 84' lang='lat' dir='ltr'>immo</span> <span class='ocrx_word' id='word_1_96' title='bbox 864 1659 950 1722; x_wconf 81' lang='lat' dir='ltr'>ripum</span> <span class='ocrx_word' id='word_1_97' title='bbox 961 1658 1138 1716; x_wconf 61' lang='lat' dir='ltr'>tinetaddere</span> <span class='ocrx_word' id='word_1_98' title='bbox 1158 1657 1206 1706; x_wconf 78' lang='lat' dir='ltr'>nisi</span> <span class='ocrx_word' id='word_1_99' title='bbox 1217 1657 1252 1718; x_wconf 86' lang='lat' dir='ltr'>ei,</span> <span class='ocrx_word' id='word_1_100' title='bbox 1270 1655 1313 1720; x_wconf 86' lang='lat' dir='ltr'>qui</span> <span class='ocrx_word' id='word_1_101' title='bbox 1332 1654 1388 1718; x_wconf 71' lang='lat' dir='ltr'>agri</span> 
     </span>
     <span class='ocr_line' id='line_1_14' title="bbox 300 1725 1389 1799; baseline -0.002 -17"><span class='ocrx_word' id='word_1_102' title='bbox 300 1725 382 1782; x_wconf 82' lang='lat' dir='ltr'>etiam</span> <span class='ocrx_word' id='word_1_103' title='bbox 403 1739 432 1783; x_wconf 86' lang='lat' dir='ltr'>et</span> <span class='ocrx_word' id='word_1_104' title='bbox 452 1733 603 1797; x_wconf 82' lang='lat' dir='ltr'>pomoerium</span> <span class='ocrx_word' id='word_1_105' title='bbox 628 1734 706 1785; x_wconf 87' lang='lat' dir='ltr'>finem</span> <span class='ocrx_word' id='word_1_106' title='bbox 731 1735 824 1786; x_wconf 82' lang='lat' dir='ltr'>urbani</span> <span class='ocrx_word' id='word_1_107' title='bbox 863 1735 998 1785; x_wconf 85' lang='lat' dir='ltr'>Barbariei</span> <span class='ocrx_word' id='word_1_108' title='bbox 1024 1735 1110 1799; x_wconf 85' lang='lat' dir='ltr'>aliqua</span> <span class='ocrx_word' id='word_1_109' title='bbox 1146 1740 1221 1797; x_wconf 86' lang='lat' dir='ltr'>parte</span> <span class='ocrx_word' id='word_1_110' title='bbox 1250 1732 1389 1781; x_wconf 79' lang='lat' dir='ltr'>Romanurn</span> 
     </span>
     <span class='ocr_line' id='line_1_15' title="bbox 252 1806 1388 1875; baseline -0.002 -17"><span class='ocrx_word' id='word_1_111' title='bbox 252 1813 255 1828; x_wconf 80' lang='lat'><strong>⁴</strong></span> <span class='ocrx_word' id='word_1_112' title='bbox 302 1809 414 1873; x_wconf 75' lang='lat' dir='ltr'>auspicii</span> <span class='ocrx_word' id='word_1_113' title='bbox 441 1807 564 1860; x_wconf 77' lang='lat' dir='ltr'>iaciebat.</span> <span class='ocrx_word' id='word_1_114' title='bbox 607 1809 826 1862; x_wconf 71' lang='lat' dir='ltr'>nurnine:</span> <span class='ocrx_word' id='word_1_115' title='bbox 863 1825 944 1875; x_wconf 87' lang='lat' dir='ltr'>remp.</span> <span class='ocrx_word' id='word_1_116' title='bbox 955 1809 1161 1875; x_wconf 79' lang='lat' dir='ltr'>locupletaverit.</span> <span class='ocrx_word' id='word_1_117' title='bbox 1182 1806 1388 1858; x_wconf 79' lang='lat' dir='ltr'>Addiditantern</span> 
     </span>
     <span class='ocr_line' id='line_1_16' title="bbox 302 1880 1389 1949; baseline -0.003 -17"><span class='ocrx_word' id='word_1_118' title='bbox 302 1883 412 1944; x_wconf 84' lang='lat' dir='ltr'>Catone,</span> <span class='ocrx_word' id='word_1_119' title='bbox 450 1884 568 1949; x_wconf 73' lang='lat' dir='ltr'>antiquos</span> <span class='ocrx_word' id='word_1_120' title='bbox 604 1893 681 1935; x_wconf 81' lang='lat' dir='ltr'>extra</span> <span class='ocrx_word' id='word_1_121' title='bbox 718 1886 827 1936; x_wconf 79' lang='lat' dir='ltr'>Arenti-</span> <span class='ocrx_word' id='word_1_122' title='bbox 863 1885 1002 1948; x_wconf 70' lang='grc' dir='ltr'>Αιιςιιιῐιιι,</span> <span class='ocrx_word' id='word_1_123' title='bbox 1025 1885 1125 1935; x_wconf 81' lang='lat' dir='ltr'>addidit</span> <span class='ocrx_word' id='word_1_124' title='bbox 1154 1883 1292 1946; x_wconf 79' lang='lat' dir='ltr'>Trajanut,</span> <span class='ocrx_word' id='word_1_125' title='bbox 1317 1880 1389 1930; x_wconf 81' lang='lat' dir='ltr'>addi-</span> 
     </span>
     <span class='ocr_line' id='line_1_17' title="bbox 301 1955 1389 2027; baseline -0.004 -19"><span class='ocrx_word' id='word_1_126' title='bbox 301 1973 362 2010; x_wconf 80' lang='lat' dir='ltr'>uum</span> <span class='ocrx_word' id='word_1_127' title='bbox 381 1958 510 2022; x_wconf 76' lang='lat' dir='ltr'>auspicari</span> <span class='ocrx_word' id='word_1_128' title='bbox 527 1961 617 2011; x_wconf 82' lang='lat' dir='ltr'>entitur</span> <span class='ocrx_word' id='word_1_129' title='bbox 642 1961 733 2025; x_wconf 70' lang='lat' dir='ltr'>fuitne,</span> <span class='ocrx_word' id='word_1_130' title='bbox 754 1971 826 2027; x_wconf 83' lang='lat' dir='ltr'>poet·</span> <span class='ocrx_word' id='word_1_131' title='bbox 862 1955 902 2012; x_wconf 82' lang='lat' dir='ltr'>dit</span> <span class='ocrx_word' id='word_1_132' title='bbox 914 1963 985 2012; x_wconf 86' lang='lat' dir='ltr'>Nero</span> <span class='ocrx_word' id='word_1_133' title='bbox 992 1962 1039 2011; x_wconf 80' lang='lat' dir='ltr'>nub</span> <span class='ocrx_word' id='word_1_134' title='bbox 1051 1974 1102 2025; x_wconf 88' lang='lat' dir='ltr'>quo</span> <span class='ocrx_word' id='word_1_135' title='bbox 1114 1959 1213 2008; x_wconf 70' lang='lat' dir='ltr'>Pontus</span> <span class='ocrx_word' id='word_1_136' title='bbox 1225 1955 1389 2006; x_wconf 80' lang='lat' dir='ltr'>Polemonia·</span> 
     </span>
     <span class='ocr_line' id='line_1_18' title="bbox 302 2031 1389 2101; baseline -0.004 -17"><span class='ocrx_word' id='word_1_137' title='bbox 302 2049 335 2085; x_wconf 82' lang='lat' dir='ltr'>ea</span> <span class='ocrx_word' id='word_1_138' title='bbox 361 2035 428 2084; x_wconf 82' lang='lat' dir='ltr'>iutra</span> <span class='ocrx_word' id='word_1_139' title='bbox 452 2034 570 2086; x_wconf 77' lang='lat' dir='ltr'>oedifioin.</span> <span class='ocrx_word' id='word_1_140' title='bbox 615 2037 699 2088; x_wconf 79' lang='lat' dir='ltr'>Extra</span> <span class='ocrx_word' id='word_1_141' title='bbox 717 2039 825 2090; x_wconf 76' lang='lat' dir='ltr'>Arenti-</span> <span class='ocrx_word' id='word_1_142' title='bbox 862 2051 916 2092; x_wconf 80' lang='lat' dir='ltr'>out,</span> <span class='ocrx_word' id='word_1_143' title='bbox 927 2044 955 2087; x_wconf 87' lang='lat' dir='ltr'>et</span> <span class='ocrx_word' id='word_1_144' title='bbox 970 2036 1051 2101; x_wconf 76' lang='lat' dir='ltr'>ntpn</span> <span class='ocrx_word' id='word_1_145' title='bbox 1060 2036 1154 2086; x_wconf 80' lang='lat' dir='ltr'>cotue</span> <span class='ocrx_word' id='word_1_146' title='bbox 1166 2035 1283 2083; x_wconf 85' lang='lat' dir='ltr'>Romano</span> <span class='ocrx_word' id='word_1_147' title='bbox 1293 2031 1389 2081; x_wconf 85' lang='lat' dir='ltr'>nomini</span> 
     </span>
     <span class='ocr_line' id='line_1_19' title="bbox 301 2108 1388 2173; baseline -0.004 -13"><span class='ocrx_word' id='word_1_148' title='bbox 301 2123 362 2160; x_wconf 86' lang='grc' dir='ltr'>ιιιιιιι</span> <span class='ocrx_word' id='word_1_149' title='bbox 374 2109 646 2173; x_wconf 72' lang='grc' dir='ltr'>ιιιιρὶοιὴιιιιῑιιιιιιιι</span> <span class='ocrx_word' id='word_1_150' title='bbox 660 2113 767 2163; x_wconf 73' lang='lat' dir='ltr'>Romam</span> <span class='ocrx_word' id='word_1_151' title='bbox 777 2115 826 2164; x_wconf 80' lang='lat' dir='ltr'>eci·</span> <span class='ocrx_word' id='word_1_152' title='bbox 863 2111 985 2162; x_wconf 63' lang='lat' dir='ltr'>tributu?</span> <span class='ocrx_word' id='word_1_153' title='bbox 1017 2111 1095 2160; x_wconf 80' lang='lat' dir='ltr'>Viden</span> <span class='ocrx_word' id='word_1_154' title='bbox 1115 2108 1280 2158; x_wconf 69' lang='lat' dir='ltr'><strong>Aurelianum</strong></span> <span class='ocrx_word' id='word_1_155' title='bbox 1302 2120 1388 2157; x_wconf 84' lang='lat' dir='ltr'>maror</span> 
     </span>
     <span class='ocr_line' id='line_1_20' title="bbox 256 2183 1387 2249; baseline -0.004 -15"><span class='ocrx_word' id='word_1_156' title='bbox 256 2185 259 2192; x_wconf 86' lang='lat'>&#39;</span> <span class='ocrx_word' id='word_1_157' title='bbox 300 2185 364 2235; x_wconf 83' lang='lat' dir='ltr'>lieet</span> <span class='ocrx_word' id='word_1_158' title='bbox 382 2185 510 2235; x_wconf 85' lang='lat' dir='ltr'>conditam</span> <span class='ocrx_word' id='word_1_159' title='bbox 525 2191 553 2235; x_wconf 83' lang='lat' dir='ltr'>et</span> <span class='ocrx_word' id='word_1_160' title='bbox 569 2187 716 2249; x_wconf 83' lang='lat' dir='ltr'>pomoerinm</span> <span class='ocrx_word' id='word_1_161' title='bbox 738 2203 827 2238; x_wconf 79' lang='lat' dir='ltr'>eonte-</span> <span class='ocrx_word' id='word_1_162' title='bbox 863 2183 1323 2249; x_wconf 74' lang='lat' dir='ltr'>ampliatae,uonpromotiepomoerii</span> <span class='ocrx_word' id='word_1_163' title='bbox 1335 2187 1387 2230; x_wconf 88' lang='lat' dir='ltr'>tet·</span> 
     </span>
     <span class='ocr_line' id='line_1_21' title="bbox 300 2257 1386 2326; baseline -0.006 -16"><span class='ocrx_word' id='word_1_164' title='bbox 300 2268 410 2322; x_wconf 81' lang='lat' dir='ltr'>oretum,</span> <span class='ocrx_word' id='word_1_165' title='bbox 420 2257 534 2310; x_wconf 83' lang='lat' dir='ltr'>effatum.</span> <span class='ocrx_word' id='word_1_166' title='bbox 550 2283 552 2288; x_wconf 96' lang='lat'>·</span> <span class='ocrx_word' id='word_1_167' title='bbox 565 2261 617 2310; x_wconf 84' lang='lat' dir='ltr'>Sed</span> <span class='ocrx_word' id='word_1_168' title='bbox 635 2269 723 2324; x_wconf 85' lang='lat' dir='ltr'>portea</span> <span class='ocrx_word' id='word_1_169' title='bbox 737 2277 825 2313; x_wconf 82' lang='lat' dir='ltr'>conte·</span> <span class='ocrx_word' id='word_1_170' title='bbox 862 2261 946 2316; x_wconf 80' lang='lat' dir='ltr'>minin,</span> <span class='ocrx_word' id='word_1_171' title='bbox 957 2261 1035 2326; x_wconf 85' lang='lat' dir='ltr'>idque</span> <span class='ocrx_word' id='word_1_172' title='bbox 1045 2260 1108 2309; x_wconf 74' lang='lat' dir='ltr'>tatia</span> <span class='ocrx_word' id='word_1_173' title='bbox 1126 2258 1223 2308; x_wconf 76' lang='lat' dir='ltr'>evincit</span> <span class='ocrx_word' id='word_1_174' title='bbox 1239 2259 1307 2306; x_wconf 90' lang='lat' dir='ltr'>intra</span> <span class='ocrx_word' id='word_1_175' title='bbox 1324 2270 1386 2305; x_wconf 75' lang='lat' dir='ltr'>mn·</span> 
     </span>
     <span class='ocr_line' id='line_1_22' title="bbox 301 2330 1386 2400; baseline -0.002 -16"><span class='ocrx_word' id='word_1_176' title='bbox 301 2341 374 2385; x_wconf 86' lang='lat' dir='ltr'>orato</span> <span class='ocrx_word' id='word_1_177' title='bbox 385 2335 517 2399; x_wconf 72' lang='lat' dir='ltr'>pomario,</span> <span class='ocrx_word' id='word_1_178' title='bbox 528 2335 598 2383; x_wconf 88' lang='lat' dir='ltr'>iutra</span> <span class='ocrx_word' id='word_1_179' title='bbox 609 2334 761 2396; x_wconf 63' lang='lat' dir='ltr'>aedificinid</span> <span class='ocrx_word' id='word_1_180' title='bbox 774 2344 825 2400; x_wconf 84' lang='lat' dir='ltr'>ert,</span> <span class='ocrx_word' id='word_1_181' title='bbox 862 2336 914 2400; x_wconf 87' lang='lat' dir='ltr'>uia,</span> <span class='ocrx_word' id='word_1_182' title='bbox 926 2349 1005 2400; x_wconf 86' lang='lat' dir='ltr'>pone</span> <span class='ocrx_word' id='word_1_183' title='bbox 1025 2337 1111 2384; x_wconf 86' lang='lat' dir='ltr'>ru&#39;uroe</span> <span class='ocrx_word' id='word_1_184' title='bbox 1131 2333 1281 2397; x_wconf 73' lang='lat' dir='ltr'>pomerium</span> <span class='ocrx_word' id='word_1_185' title='bbox 1298 2330 1386 2382; x_wconf 77' lang='lat' dir='ltr'>iniere.</span> 
     </span>
     <span class='ocr_line' id='line_1_23' title="bbox 300 2409 1386 2476; baseline -0.003 -17"><span class='ocrx_word' id='word_1_186' title='bbox 300 2411 371 2460; x_wconf 85' lang='lat' dir='ltr'>iutra</span> <span class='ocrx_word' id='word_1_187' title='bbox 381 2409 479 2465; x_wconf 85' lang='lat' dir='ltr'>urbem,</span> <span class='ocrx_word' id='word_1_188' title='bbox 498 2411 655 2474; x_wconf 76' lang='lat' dir='ltr'>pomarium.</span> <span class='ocrx_word' id='word_1_189' title='bbox 688 2410 777 2476; x_wconf 80' lang='lat' dir='ltr'>Atque</span> <span class='ocrx_word' id='word_1_190' title='bbox 787 2414 826 2462; x_wconf 89' lang='lat' dir='ltr'>ita</span> <span class='ocrx_word' id='word_1_191' title='bbox 863 2411 930 2462; x_wconf 81' lang='lat' dir='ltr'>Nem</span> <span class='ocrx_word' id='word_1_192' title='bbox 940 2411 1069 2476; x_wconf 62' lang='lat' dir='ltr'>alioquim</span> <span class='ocrx_word' id='word_1_193' title='bbox 1078 2417 1137 2460; x_wconf 86' lang='lat' dir='ltr'>anta</span> <span class='ocrx_word' id='word_1_194' title='bbox 1146 2409 1386 2473; x_wconf 85' lang='lat' dir='ltr'>mnroapotnoeriuru</span> 
     </span>
     <span class='ocr_line' id='line_1_24' title="bbox 301 2485 1384 2552; baseline -0.004 -14"><span class='ocrx_word' id='word_1_195' title='bbox 301 2486 406 2538; x_wconf 72' lang='lat' dir='ltr'>Catoni·</span> <span class='ocrx_word' id='word_1_196' title='bbox 429 2487 512 2536; x_wconf 79' lang='lat' dir='ltr'>locum</span> <span class='ocrx_word' id='word_1_197' title='bbox 529 2485 723 2548; x_wconf 71' lang='lat' dir='ltr'>intelligendum</span> <span class='ocrx_word' id='word_1_198' title='bbox 749 2501 825 2538; x_wconf 89' lang='lat' dir='ltr'>nemo</span> <span class='ocrx_word' id='word_1_199' title='bbox 862 2485 1012 2552; x_wconf 74' lang='lat' dir='ltr'>tutaret,qui</span> <span class='ocrx_word' id='word_1_200' title='bbox 1025 2487 1150 2552; x_wconf 80' lang='lat' dir='ltr'>potuinet</span> <span class='ocrx_word' id='word_1_201' title='bbox 1162 2485 1384 2535; x_wconf 76' lang='lat' dir='ltr'>Aurelianurmu·</span> 
     </span>
     <span class='ocr_line' id='line_1_25' title="bbox 300 2561 1386 2628; baseline -0.001 -16"><span class='ocrx_word' id='word_1_202' title='bbox 300 2575 353 2612; x_wconf 86' lang='lat' dir='ltr'>uon</span> <span class='ocrx_word' id='word_1_203' title='bbox 366 2562 445 2612; x_wconf 85' lang='lat' dir='ltr'>ridet.</span> <span class='ocrx_word' id='word_1_204' title='bbox 479 2561 559 2611; x_wconf 80' lang='lat' dir='ltr'>Addit</span> <span class='ocrx_word' id='word_1_205' title='bbox 582 2563 675 2612; x_wconf 81' lang='lat' dir='ltr'>Fertne</span> <span class='ocrx_word' id='word_1_206' title='bbox 692 2564 824 2628; x_wconf 85' lang='lat' dir='ltr'>antiquum</span> <span class='ocrx_word' id='word_1_207' title='bbox 862 2578 904 2613; x_wconf 80' lang='lat' dir='ltr'>ror</span> <span class='ocrx_word' id='word_1_208' title='bbox 922 2562 1054 2612; x_wconf 83' lang='lat' dir='ltr'>dilatando</span> <span class='ocrx_word' id='word_1_209' title='bbox 1068 2561 1180 2626; x_wconf 83' lang='lat' dir='ltr'>pomoerii</span> <span class='ocrx_word' id='word_1_210' title='bbox 1198 2561 1321 2611; x_wconf 77' lang='lat' dir='ltr'>terminon</span> <span class='ocrx_word' id='word_1_211' title='bbox 1340 2575 1386 2611; x_wconf 88' lang='grc' dir='ltr'>ιιιο</span> 
     </span>
     <span class='ocr_line' id='line_1_26' title="bbox 300 2635 1427 2702; baseline -0.004 -13"><span class='ocrx_word' id='word_1_212' title='bbox 300 2639 450 2702; x_wconf 83' lang='lat' dir='ltr'>pomoerium</span> <span class='ocrx_word' id='word_1_213' title='bbox 462 2637 574 2688; x_wconf 80' lang='lat' dir='ltr'>Palatini</span> <span class='ocrx_word' id='word_1_214' title='bbox 591 2639 825 2691; x_wconf 82' lang='lat' dir='ltr'>montirrrdieibur</span> <span class='ocrx_word' id='word_1_215' title='bbox 863 2636 1090 2702; x_wconf 82' lang='lat' dir='ltr'>iooereliuquerei</span> <span class='ocrx_word' id='word_1_216' title='bbox 1114 2638 1152 2686; x_wconf 78' lang='lat' dir='ltr'>hir</span> <span class='ocrx_word' id='word_1_217' title='bbox 1172 2635 1239 2686; x_wconf 82' lang='lat' dir='ltr'>addo</span> <span class='ocrx_word' id='word_1_218' title='bbox 1254 2649 1288 2684; x_wconf 86' lang='lat' dir='ltr'>ex</span> <span class='ocrx_word' id='word_1_219' title='bbox 1306 2635 1386 2685; x_wconf 74' lang='lat' dir='ltr'>Laelio</span> <span class='ocrx_word' id='word_1_220' title='bbox 1424 2669 1427 2674; x_wconf 84' lang='lat'>-</span> 
     </span>
     <span class='ocr_line' id='line_1_27' title="bbox 300 2711 1387 2777; baseline -0.004 -14"><span class='ocrx_word' id='word_1_221' title='bbox 300 2713 474 2777; x_wconf 82' lang='lat' dir='ltr'>terminatum,</span> <span class='ocrx_word' id='word_1_222' title='bbox 493 2715 533 2763; x_wconf 86' lang='lat' dir='ltr'>oui</span> <span class='ocrx_word' id='word_1_223' title='bbox 554 2713 701 2764; x_wconf 68' lang='lat' dir='ltr'>adsentiens</span> <span class='ocrx_word' id='word_1_224' title='bbox 720 2717 825 2766; x_wconf 76' lang='lat' dir='ltr'>Tacitus</span> <span class='ocrx_word' id='word_1_225' title='bbox 863 2713 948 2762; x_wconf 81' lang='lat' dir='ltr'>Felice</span> <span class='ocrx_word' id='word_1_226' title='bbox 964 2713 1033 2776; x_wconf 82' lang='lat' dir='ltr'>apud</span> <span class='ocrx_word' id='word_1_227' title='bbox 1052 2711 1121 2763; x_wconf 80' lang='lat' dir='ltr'>Geli.</span> <span class='ocrx_word' id='word_1_228' title='bbox 1137 2711 1183 2760; x_wconf 75' lang='lat' dir='ltr'>tib,</span> <span class='ocrx_word' id='word_1_229' title='bbox 1203 2724 1249 2760; x_wconf 82' lang='lat' dir='ltr'>xv.</span> <span class='ocrx_word' id='word_1_230' title='bbox 1269 2723 1326 2774; x_wconf 82' lang='lat' dir='ltr'>rap.</span> <span class='ocrx_word' id='word_1_231' title='bbox 1344 2713 1387 2760; x_wconf 70' lang='lat' dir='ltr'>tt.</span> 
     </span>
     <span class='ocr_line' id='line_1_28' title="bbox 300 2785 1386 2851; baseline -0.005 -12"><span class='ocrx_word' id='word_1_232' title='bbox 300 2789 354 2840; x_wconf 84' lang='lat' dir='ltr'>eit:</span> <span class='ocrx_word' id='word_1_233' title='bbox 371 2790 465 2838; x_wconf 83' lang='lat' dir='ltr'>‘certia</span> <span class='ocrx_word' id='word_1_234' title='bbox 478 2788 571 2851; x_wconf 84' lang='lat' dir='ltr'>epaoiir</span> <span class='ocrx_word' id='word_1_235' title='bbox 588 2803 602 2837; x_wconf 86' lang='lat' dir='ltr'>a</span> <span class='ocrx_word' id='word_1_236' title='bbox 621 2789 729 2840; x_wconf 83' lang='lat' dir='ltr'>Romulo</span> <span class='ocrx_word' id='word_1_237' title='bbox 745 2791 825 2841; x_wconf 85' lang='lat' dir='ltr'>iuter·</span> <span class='ocrx_word' id='word_1_238' title='bbox 862 2789 1006 2838; x_wconf 81' lang='lat' dir='ltr'>centuriata</span> <span class='ocrx_word' id='word_1_239' title='bbox 1022 2786 1127 2837; x_wconf 80' lang='lat' dir='ltr'>comitia</span> <span class='ocrx_word' id='word_1_240' title='bbox 1147 2787 1215 2836; x_wconf 84' lang='lat' dir='ltr'>intre</span> <span class='ocrx_word' id='word_1_241' title='bbox 1235 2785 1386 2850; x_wconf 77' lang='lat' dir='ltr'>pomoerium</span> 
     </span>
     <span class='ocr_line' id='line_1_29' title="bbox 295 2861 1387 2928; baseline -0.005 -14"><span class='ocrx_word' id='word_1_242' title='bbox 295 2865 384 2928; x_wconf 86' lang='lat' dir='ltr'>jeetoa</span> <span class='ocrx_word' id='word_1_243' title='bbox 392 2863 473 2915; x_wconf 81' lang='lat' dir='ltr'>suinae</span> <span class='ocrx_word' id='word_1_244' title='bbox 484 2863 584 2926; x_wconf 83' lang='lat' dir='ltr'>lapidee</span> <span class='ocrx_word' id='word_1_245' title='bbox 600 2877 648 2926; x_wconf 81' lang='lat' dir='ltr'>per</span> <span class='ocrx_word' id='word_1_246' title='bbox 664 2865 714 2914; x_wconf 85' lang='lat' dir='ltr'>ima</span> <span class='ocrx_word' id='word_1_247' title='bbox 730 2869 824 2916; x_wconf 77' lang='lat' dir='ltr'>muntia</span> <span class='ocrx_word' id='word_1_248' title='bbox 861 2862 918 2913; x_wconf 83' lang='lat' dir='ltr'>fieri</span> <span class='ocrx_word' id='word_1_249' title='bbox 931 2861 1000 2912; x_wconf 78' lang='lat' dir='ltr'>net‘aa</span> <span class='ocrx_word' id='word_1_250' title='bbox 1012 2877 1078 2918; x_wconf 77' lang='lat' dir='ltr'>erae,</span> <span class='ocrx_word' id='word_1_251' title='bbox 1087 2863 1147 2926; x_wconf 78' lang='lat' dir='ltr'>quie</span> <span class='ocrx_word' id='word_1_252' title='bbox 1157 2863 1300 2911; x_wconf 81' lang='lat' dir='ltr'>exereitum</span> <span class='ocrx_word' id='word_1_253' title='bbox 1312 2867 1387 2910; x_wconf 76' lang='lat' dir='ltr'>extra</span> 
     </span>
     <span class='ocr_line' id='line_1_30' title="bbox 301 2937 1387 3003; baseline -0.004 -15"><span class='ocrx_word' id='word_1_254' title='bbox 301 2939 437 3003; x_wconf 84' lang='lat' dir='ltr'>Palatini,’</span> <span class='ocrx_word' id='word_1_255' title='bbox 453 2937 555 2987; x_wconf 84' lang='lat' dir='ltr'>eoilieet</span> <span class='ocrx_word' id='word_1_256' title='bbox 566 2938 695 3001; x_wconf 83' lang='lat' dir='ltr'>lapidibua</span> <span class='ocrx_word' id='word_1_257' title='bbox 707 2941 761 2990; x_wconf 81' lang='lat' dir='ltr'>tatia</span> <span class='ocrx_word' id='word_1_258' title='bbox 774 2941 825 2991; x_wconf 79' lang='lat' dir='ltr'>Bo·</span> <span class='ocrx_word' id='word_1_259' title='bbox 862 2937 951 2988; x_wconf 89' lang='lat' dir='ltr'>urbem</span> <span class='ocrx_word' id='word_1_260' title='bbox 974 2939 1094 3002; x_wconf 86' lang='lat' dir='ltr'>imperari</span> <span class='ocrx_word' id='word_1_261' title='bbox 1108 2943 1238 3001; x_wconf 80' lang='lat' dir='ltr'>oportent,</span> <span class='ocrx_word' id='word_1_262' title='bbox 1255 2937 1324 2986; x_wconf 86' lang='lat' dir='ltr'>intra</span> <span class='ocrx_word' id='word_1_263' title='bbox 1345 2949 1387 2984; x_wconf 92' lang='lat' dir='ltr'>ur-</span> 
     </span>
     <span class='ocr_line' id='line_1_31' title="bbox 299 3012 1387 3078; baseline -0.001 -17"><span class='ocrx_word' id='word_1_264' title='bbox 299 3013 382 3062; x_wconf 85' lang='lat' dir='ltr'>tnulua</span> <span class='ocrx_word' id='word_1_265' title='bbox 403 3012 461 3061; x_wconf 83' lang='lat' dir='ltr'>vioe</span> <span class='ocrx_word' id='word_1_266' title='bbox 476 3015 605 3060; x_wconf 83' lang='lat' dir='ltr'>murorum</span> <span class='ocrx_word' id='word_1_267' title='bbox 624 3027 693 3071; x_wconf 85' lang='grc' dir='ltr'>ιιιιιι,</span> <span class='ocrx_word' id='word_1_268' title='bbox 709 3022 738 3064; x_wconf 91' lang='lat' dir='ltr'>ut</span> <span class='ocrx_word' id='word_1_269' title='bbox 756 3017 824 3066; x_wconf 87' lang='lat' dir='ltr'>intre</span> <span class='ocrx_word' id='word_1_270' title='bbox 861 3013 919 3063; x_wconf 85' lang='lat' dir='ltr'>bem</span> <span class='ocrx_word' id='word_1_271' title='bbox 931 3014 1108 3078; x_wconf 72' lang='lat' dir='ltr'>imperarejun</span> <span class='ocrx_word' id='word_1_272' title='bbox 1119 3013 1228 3062; x_wconf 86' lang='lat' dir='ltr'>nourit:</span> <span class='ocrx_word' id='word_1_273' title='bbox 1245 3017 1387 3076; x_wconf 81' lang='lat' dir='ltr'>propterea</span> 
     </span>
     <span class='ocr_line' id='line_1_32' title="bbox 300 3086 1387 3153; baseline -0.002 -16"><span class='ocrx_word' id='word_1_274' title='bbox 300 3093 346 3137; x_wconf 81' lang='lat' dir='ltr'>eoa</span> <span class='ocrx_word' id='word_1_275' title='bbox 360 3088 542 3138; x_wconf 75' lang='lat' dir='ltr'>terminaretur</span> <span class='ocrx_word' id='word_1_276' title='bbox 558 3089 721 3153; x_wconf 79' lang='lat' dir='ltr'>pomaerium,</span> <span class='ocrx_word' id='word_1_277' title='bbox 740 3099 767 3142; x_wconf 78' lang='lat' dir='ltr'>et</span> <span class='ocrx_word' id='word_1_278' title='bbox 787 3095 824 3145; x_wconf 72' lang='lat' dir='ltr'>ite</span> <span class='ocrx_word' id='word_1_279' title='bbox 861 3090 1008 3139; x_wconf 85' lang='lat' dir='ltr'>centuriata</span> <span class='ocrx_word' id='word_1_280' title='bbox 1025 3089 1051 3138; x_wconf 89' lang='lat' dir='ltr'>in</span> <span class='ocrx_word' id='word_1_281' title='bbox 1063 3090 1161 3151; x_wconf 80' lang='lat' dir='ltr'>campo</span> <span class='ocrx_word' id='word_1_282' title='bbox 1179 3087 1278 3137; x_wconf 79' lang='lat' dir='ltr'>Martio</span> <span class='ocrx_word' id='word_1_283' title='bbox 1289 3086 1387 3136; x_wconf 80' lang='lat' dir='ltr'>heberi.</span> 
     </span>
     <span class='ocr_line' id='line_1_33' title="bbox 298 3161 1386 3228; baseline 0 -17"><span class='ocrx_word' id='word_1_284' title='bbox 298 3163 376 3212; x_wconf 83' lang='lat' dir='ltr'>etiam</span> <span class='ocrx_word' id='word_1_285' title='bbox 398 3163 457 3212; x_wconf 84' lang='lat' dir='ltr'>otim</span> <span class='ocrx_word' id='word_1_286' title='bbox 475 3161 571 3224; x_wconf 78' lang='lat' dir='ltr'>fiebat3</span> <span class='ocrx_word' id='word_1_287' title='bbox 598 3163 733 3228; x_wconf 74' lang='lat' dir='ltr'>designato</span> <span class='ocrx_word' id='word_1_288' title='bbox 751 3182 823 3219; x_wconf 85' lang='lat' dir='ltr'>muro</span> <span class='ocrx_word' id='word_1_289' title='bbox 860 3162 949 3228; x_wconf 78' lang='lat' dir='ltr'>nique</span> <span class='ocrx_word' id='word_1_290' title='bbox 975 3164 1031 3214; x_wconf 61' lang='lat' dir='ltr'>haro</span> <span class='ocrx_word' id='word_1_291' title='bbox 1057 3163 1090 3213; x_wconf 88' lang='lat' dir='ltr'>de</span> <span class='ocrx_word' id='word_1_292' title='bbox 1118 3163 1233 3213; x_wconf 85' lang='lat' dir='ltr'>Romano</span> <span class='ocrx_word' id='word_1_293' title='bbox 1262 3161 1386 3226; x_wconf 83' lang='lat' dir='ltr'>pomoerio</span> 
     </span>
     <span class='ocr_line' id='line_1_34' title="bbox 297 3233 1385 3309; baseline -0.001 -22"><span class='ocrx_word' id='word_1_294' title='bbox 297 3237 479 3287; x_wconf 81' lang='lat' dir='ltr'>rtatuebautnr</span> <span class='ocrx_word' id='word_1_295' title='bbox 496 3233 566 3301; x_wconf 79' lang='lat' dir='ltr'>cippi</span> <span class='ocrx_word' id='word_1_296' title='bbox 590 3239 631 3288; x_wconf 80' lang='lat' dir='ltr'>vei</span> <span class='ocrx_word' id='word_1_297' title='bbox 653 3239 753 3304; x_wconf 85' lang='lat' dir='ltr'>lapidea</span> <span class='ocrx_word' id='word_1_298' title='bbox 779 3245 823 3309; x_wconf 88' lang='lat' dir='ltr'>qui</span> <span class='ocrx_word' id='word_1_299' title='bbox 861 3239 928 3304; x_wconf 82' lang='lat' dir='ltr'>quod</span> <span class='ocrx_word' id='word_1_300' title='bbox 949 3239 1010 3288; x_wconf 75' lang='lat' dir='ltr'>riri·</span> <span class='ocrx_word' id='word_1_301' title='bbox 1024 3238 1119 3288; x_wconf 84' lang='lat' dir='ltr'>doetia&#39;</span> <span class='ocrx_word' id='word_1_302' title='bbox 1130 3237 1193 3287; x_wconf 79' lang='lat' dir='ltr'>aetia</span> <span class='ocrx_word' id='word_1_303' title='bbox 1205 3237 1329 3287; x_wconf 82' lang='lat' dir='ltr'>haeteuua</span> <span class='ocrx_word' id='word_1_304' title='bbox 1346 3237 1385 3299; x_wconf 72' lang='lat' dir='ltr'>ig·</span> 
     </span>
     <span class='ocr_line' id='line_1_35' title="bbox 298 3311 1384 3381; baseline -0.001 -20"><span class='ocrx_word' id='word_1_305' title='bbox 298 3313 420 3375; x_wconf 66' lang='lat' dir='ltr'>pomerio</span> <span class='ocrx_word' id='word_1_306' title='bbox 432 3320 459 3362; x_wconf 88' lang='lat' dir='ltr'>et</span> <span class='ocrx_word' id='word_1_307' title='bbox 471 3313 589 3376; x_wconf 74' lang='lat' dir='ltr'>auspicii·</span> <span class='ocrx_word' id='word_1_308' title='bbox 606 3313 723 3368; x_wconf 78' lang='lat' dir='ltr'>facerent</span> <span class='ocrx_word' id='word_1_309' title='bbox 736 3318 822 3370; x_wconf 87' lang='lat' dir='ltr'>finem.</span> <span class='ocrx_word' id='word_1_310' title='bbox 860 3321 988 3377; x_wconf 76' lang='lat' dir='ltr'>notatum,</span> <span class='ocrx_word' id='word_1_311' title='bbox 1007 3314 1074 3364; x_wconf 87' lang='lat' dir='ltr'>inter</span> <span class='ocrx_word' id='word_1_312' title='bbox 1092 3328 1156 3378; x_wconf 85' lang='lat' dir='ltr'>quoa</span> <span class='ocrx_word' id='word_1_313' title='bbox 1178 3311 1260 3381; x_wconf 79' lang='lat' dir='ltr'>fuere,</span> <span class='ocrx_word' id='word_1_314' title='bbox 1277 3312 1320 3376; x_wconf 87' lang='lat' dir='ltr'>qui</span> <span class='ocrx_word' id='word_1_315' title='bbox 1340 3327 1384 3360; x_wconf 84' lang='lat' dir='ltr'>au·</span> 
     </span>
     <span class='ocr_line' id='line_1_36' title="bbox 296 3386 1386 3453; baseline 0.007 -15"><span class='ocrx_word' id='word_1_316' title='bbox 296 3389 409 3453; x_wconf 81' lang='lat' dir='ltr'>snujtcu</span> <span class='ocrx_word' id='word_1_317' title='bbox 429 3389 531 3440; x_wconf 77' lang='lat' dir='ltr'>tentem</span> <span class='ocrx_word' id='word_1_318' title='bbox 552 3391 644 3441; x_wconf 71' lang='lat' dir='ltr'>Fenus</span> <span class='ocrx_word' id='word_1_319' title='bbox 661 3393 693 3441; x_wconf 80' lang='lat' dir='ltr'>tu</span> <span class='ocrx_word' id='word_1_320' title='bbox 721 3401 820 3446; x_wconf 75' lang='lat' dir='ltr'>tanum</span> <span class='ocrx_word' id='word_1_321' title='bbox 860 3389 951 3439; x_wconf 77' lang='lat' dir='ltr'>tuerer</span> <span class='ocrx_word' id='word_1_322' title='bbox 975 3387 1131 3438; x_wconf 71' lang='lat' dir='ltr'>affirmarent</span> <span class='ocrx_word' id='word_1_323' title='bbox 1158 3388 1291 3452; x_wconf 72' lang='lat' dir='ltr'>antiquum</span> <span class='ocrx_word' id='word_1_324' title='bbox 1321 3386 1386 3436; x_wconf 79' lang='lat' dir='ltr'>titud</span> 
     </span>
     <span class='ocr_line' id='line_1_37' title="bbox 298 3461 1389 3536; baseline 0 -24"><span class='ocrx_word' id='word_1_325' title='bbox 298 3461 446 3527; x_wconf 81' lang='lat' dir='ltr'>proferendi</span> <span class='ocrx_word' id='word_1_326' title='bbox 466 3465 581 3527; x_wconf 84' lang='lat' dir='ltr'>pomoerii</span> <span class='ocrx_word' id='word_1_327' title='bbox 596 3467 640 3530; x_wconf 82' lang='lat' dir='ltr'>jut</span> <span class='ocrx_word' id='word_1_328' title='bbox 659 3467 757 3532; x_wconf 81' lang='lat' dir='ltr'>datum,</span> <span class='ocrx_word' id='word_1_329' title='bbox 777 3473 819 3536; x_wconf 80' lang='lat' dir='ltr'>qni</span> <span class='ocrx_word' id='word_1_330' title='bbox 860 3465 1010 3528; x_wconf 74' lang='lat' dir='ltr'>pomerium</span> <span class='ocrx_word' id='word_1_331' title='bbox 1022 3462 1290 3513; x_wconf 79' lang='lat' dir='ltr'>extranrbemsuitre·</span> <span class='ocrx_word' id='word_1_332' title='bbox 1321 3463 1389 3524; x_wconf 81' lang='lat' dir='ltr'>Qui,</span> 
     </span>
     <span class='ocr_line' id='line_1_38' title="bbox 296 3537 1386 3604; baseline 0 -16"><span class='ocrx_word' id='word_1_333' title='bbox 296 3539 419 3602; x_wconf 81' lang='lat' dir='ltr'>populum</span> <span class='ocrx_word' id='word_1_334' title='bbox 450 3539 526 3590; x_wconf 88' lang='lat' dir='ltr'>Rom.</span> <span class='ocrx_word' id='word_1_335' title='bbox 557 3555 620 3604; x_wconf 72' lang='lat' dir='ltr'>agro</span> <span class='ocrx_word' id='word_1_336' title='bbox 646 3541 679 3592; x_wconf 79' lang='lat' dir='ltr'>de</span> <span class='ocrx_word' id='word_1_337' title='bbox 706 3545 820 3597; x_wconf 66' lang='lat' dir='ltr'>tinnitum</span> <span class='ocrx_word' id='word_1_338' title='bbox 860 3539 882 3589; x_wconf 85' lang='lat' dir='ltr'>ai</span> <span class='ocrx_word' id='word_1_339' title='bbox 899 3540 929 3589; x_wconf 79' lang='lat' dir='ltr'>tt·</span> <span class='ocrx_word' id='word_1_340' title='bbox 947 3537 1091 3603; x_wconf 72' lang='lat' dir='ltr'>Augurum,</span> <span class='ocrx_word' id='word_1_341' title='bbox 1109 3539 1241 3603; x_wconf 84' lang='lat' dir='ltr'>Varronia,</span> <span class='ocrx_word' id='word_1_342' title='bbox 1260 3538 1386 3600; x_wconf 73' lang='lat' dir='ltr'>Pollucis,</span> 
     </span>
     <span class='ocr_line' id='line_1_39' title="bbox 295 3612 1385 3680; baseline 0.009 -19"><span class='ocrx_word' id='word_1_343' title='bbox 295 3620 373 3676; x_wconf 79' lang='lat' dir='ltr'>capto</span> <span class='ocrx_word' id='word_1_344' title='bbox 391 3612 544 3665; x_wconf 78' lang='lat' dir='ltr'>ditaverant.</span> <span class='ocrx_word' id='word_1_345' title='bbox 581 3615 663 3680; x_wconf 76' lang='lat' dir='ltr'>niqui</span> <span class='ocrx_word' id='word_1_346' title='bbox 683 3618 745 3667; x_wconf 70' lang='lat' dir='ltr'>nituit</span> <span class='ocrx_word' id='word_1_347' title='bbox 767 3623 819 3672; x_wconf 79' lang='lat' dir='ltr'>tate</span> <span class='ocrx_word' id='word_1_348' title='bbox 859 3622 887 3664; x_wconf 77' lang='lat' dir='ltr'>et</span> <span class='ocrx_word' id='word_1_349' title='bbox 899 3614 1032 3664; x_wconf 78' lang='lat' dir='ltr'>Plutarchi</span> <span class='ocrx_word' id='word_1_350' title='bbox 1043 3613 1211 3677; x_wconf 71' lang='lat' dir='ltr'>verbum·</span> <span class='ocrx_word' id='word_1_351' title='bbox 1222 3613 1340 3678; x_wconf 79' lang='lat' dir='ltr'>ruperim</span> <span class='ocrx_word' id='word_1_352' title='bbox 1348 3615 1385 3662; x_wconf 76' lang='lat'>⁸¹·</span> 
     </span>
     <span class='ocr_line' id='line_1_40' title="bbox 295 3688 1385 3753; baseline 0.002 -18"><span class='ocrx_word' id='word_1_353' title='bbox 295 3701 408 3751; x_wconf 82' lang='lat' dir='ltr'>uuquam</span> <span class='ocrx_word' id='word_1_354' title='bbox 424 3688 545 3738; x_wconf 79' lang='lat' dir='ltr'>demntia</span> <span class='ocrx_word' id='word_1_355' title='bbox 556 3697 661 3740; x_wconf 85' lang='lat' dir='ltr'>cautum</span> <span class='ocrx_word' id='word_1_356' title='bbox 672 3691 753 3743; x_wconf 84' lang='lat' dir='ltr'>futare</span> <span class='ocrx_word' id='word_1_357' title='bbox 764 3709 819 3746; x_wconf 83' lang='lat' dir='ltr'>oar·</span> <span class='ocrx_word' id='word_1_358' title='bbox 858 3690 912 3740; x_wconf 74' lang='lat' dir='ltr'>lata</span> <span class='ocrx_word' id='word_1_359' title='bbox 930 3697 958 3740; x_wconf 87' lang='lat' dir='ltr'>et</span> <span class='ocrx_word' id='word_1_360' title='bbox 978 3691 1115 3753; x_wconf 80' lang='lat' dir='ltr'>exptteata,</span> <span class='ocrx_word' id='word_1_361' title='bbox 1140 3689 1226 3739; x_wconf 82' lang='lat' dir='ltr'>minua</span> <span class='ocrx_word' id='word_1_362' title='bbox 1245 3695 1385 3753; x_wconf 80' lang='lat' dir='ltr'>perapeeta</span> 
     </span>
     <span class='ocr_line' id='line_1_41' title="bbox 296 3764 1383 3832; baseline 0.002 -20"><span class='ocrx_word' id='word_1_363' title='bbox 296 3767 349 3812; x_wconf 86' lang='lat' dir='ltr'>turn</span> <span class='ocrx_word' id='word_1_364' title='bbox 368 3769 416 3820; x_wconf 84' lang='lat' dir='ltr'>eat,</span> <span class='ocrx_word' id='word_1_365' title='bbox 431 3770 458 3812; x_wconf 87' lang='lat' dir='ltr'>et</span> <span class='ocrx_word' id='word_1_366' title='bbox 476 3765 558 3813; x_wconf 83' lang='lat' dir='ltr'>entvir</span> <span class='ocrx_word' id='word_1_367' title='bbox 574 3779 659 3815; x_wconf 84' lang='lat' dir='ltr'>ruuror</span> <span class='ocrx_word' id='word_1_368' title='bbox 678 3771 817 3832; x_wconf 76' lang='lat' dir='ltr'>ampliandi</span> <span class='ocrx_word' id='word_1_369' title='bbox 858 3773 926 3829; x_wconf 81' lang='lat' dir='ltr'>eunt,</span> <span class='ocrx_word' id='word_1_370' title='bbox 938 3767 1030 3816; x_wconf 78' lang='lat' dir='ltr'>vetlem</span> <span class='ocrx_word' id='word_1_371' title='bbox 1050 3765 1167 3830; x_wconf 86' lang='lat' dir='ltr'>equidem</span> <span class='ocrx_word' id='word_1_372' title='bbox 1179 3765 1220 3812; x_wconf 87' lang='lat' dir='ltr'>rel</span> <span class='ocrx_word' id='word_1_373' title='bbox 1233 3765 1314 3813; x_wconf 82' lang='lat' dir='ltr'>rolant</span> <span class='ocrx_word' id='word_1_374' title='bbox 1331 3764 1383 3814; x_wconf 85' lang='lat' dir='ltr'>rim</span> 
     </span>
     <span class='ocr_line' id='line_1_42' title="bbox 293 3839 1384 3905; baseline 0.001 -16"><span class='ocrx_word' id='word_1_375' title='bbox 293 3839 371 3890; x_wconf 76' lang='lat' dir='ltr'>iniere</span> <span class='ocrx_word' id='word_1_376' title='bbox 399 3852 502 3901; x_wconf 79' lang='lat' dir='ltr'>temper</span> <span class='ocrx_word' id='word_1_377' title='bbox 538 3845 692 3902; x_wconf 74' lang='lat' dir='ltr'>potestatem</span> <span class='ocrx_word' id='word_1_378' title='bbox 720 3844 817 3898; x_wconf 85' lang='lat' dir='ltr'>datam.</span> <span class='ocrx_word' id='word_1_379' title='bbox 857 3842 928 3905; x_wconf 81' lang='lat' dir='ltr'>rocta</span> <span class='ocrx_word' id='word_1_380' title='bbox 940 3841 1056 3904; x_wconf 78' lang='lat' dir='ltr'>pomerii</span> <span class='ocrx_word' id='word_1_381' title='bbox 1067 3840 1158 3890; x_wconf 79' lang='lat' dir='ltr'>reduto</span> <span class='ocrx_word' id='word_1_382' title='bbox 1176 3839 1384 3903; x_wconf 82' lang='lat' dir='ltr'>perpendieeent,</span> 
     </span>
     <span class='ocr_line' id='line_1_43' title="bbox 294 3913 1383 3982; baseline 0.001 -19"><span class='ocrx_word' id='word_1_383' title='bbox 294 3913 420 3979; x_wconf 81' lang='lat' dir='ltr'>Ampliari</span> <span class='ocrx_word' id='word_1_384' title='bbox 443 3913 521 3976; x_wconf 69' lang='lat' dir='ltr'>igitur</span> <span class='ocrx_word' id='word_1_385' title='bbox 539 3921 659 3976; x_wconf 85' lang='lat' dir='ltr'>poteraut</span> <span class='ocrx_word' id='word_1_386' title='bbox 682 3920 749 3968; x_wconf 84' lang='lat' dir='ltr'>muri</span> <span class='ocrx_word' id='word_1_387' title='bbox 767 3933 816 3972; x_wconf 87' lang='lat' dir='ltr'>nou</span> <span class='ocrx_word' id='word_1_388' title='bbox 857 3924 934 3982; x_wconf 84' lang='lat' dir='ltr'>atque</span> <span class='ocrx_word' id='word_1_389' title='bbox 953 3917 1079 3978; x_wconf 74' lang='lat' dir='ltr'>tranunt,</span> <span class='ocrx_word' id='word_1_390' title='bbox 1096 3916 1117 3964; x_wconf 87' lang='lat' dir='ltr'>ai</span> <span class='ocrx_word' id='word_1_391' title='bbox 1137 3929 1195 3964; x_wconf 82' lang='lat' dir='ltr'>cnm</span> <span class='ocrx_word' id='word_1_392' title='bbox 1216 3915 1289 3964; x_wconf 82' lang='lat' dir='ltr'>Lirin</span> <span class='ocrx_word' id='word_1_393' title='bbox 1308 3915 1383 3964; x_wconf 74' lang='lat' dir='ltr'>eden·</span> 
     </span>
     <span class='ocr_line' id='line_1_44' title="bbox 293 3989 1381 4055; baseline 0 -17"><span class='ocrx_word' id='word_1_394' title='bbox 293 3990 416 4052; x_wconf 81' lang='lat' dir='ltr'>ampliato</span> <span class='ocrx_word' id='word_1_395' title='bbox 433 3989 564 4051; x_wconf 85' lang='lat' dir='ltr'>pomoerio.</span> <span class='ocrx_word' id='word_1_396' title='bbox 595 3989 638 4039; x_wconf 84' lang='lat' dir='ltr'>lta</span> <span class='ocrx_word' id='word_1_397' title='bbox 667 3999 719 4040; x_wconf 79' lang='lat' dir='ltr'>etta</span> <span class='ocrx_word' id='word_1_398' title='bbox 748 3993 817 4044; x_wconf 81' lang='lat' dir='ltr'>Audi</span> <span class='ocrx_word' id='word_1_399' title='bbox 858 4001 924 4053; x_wconf 85' lang='lat' dir='ltr'>rent,</span> <span class='ocrx_word' id='word_1_400' title='bbox 946 3991 1132 4055; x_wconf 80' lang='lat' dir='ltr'>retponderent</span> <span class='ocrx_word' id='word_1_401' title='bbox 1154 3990 1188 4039; x_wconf 87' lang='lat' dir='ltr'>de</span> <span class='ocrx_word' id='word_1_402' title='bbox 1205 3991 1323 4039; x_wconf 85' lang='lat' dir='ltr'>exercitu</span> <span class='ocrx_word' id='word_1_403' title='bbox 1335 3989 1381 4039; x_wconf 86' lang='lat' dir='ltr'>ob-</span> 
     </span>
     <span class='ocr_line' id='line_1_45' title="bbox 293 4061 1380 4129; baseline 0.002 -18"><span class='ocrx_word' id='word_1_404' title='bbox 293 4062 409 4112; x_wconf 76' lang='lat' dir='ltr'>Fluvium</span> <span class='ocrx_word' id='word_1_405' title='bbox 428 4063 568 4127; x_wconf 70' lang='lat' dir='ltr'>Vopiscum</span> <span class='ocrx_word' id='word_1_406' title='bbox 596 4061 628 4113; x_wconf 85' lang='lat' dir='ltr'>tie</span> <span class='ocrx_word' id='word_1_407' title='bbox 659 4063 813 4120; x_wconf 81' lang='lat' dir='ltr'>Aureliano:</span> <span class='ocrx_word' id='word_1_408' title='bbox 854 4067 952 4119; x_wconf 72' lang='lat' dir='ltr'>titione</span> <span class='ocrx_word' id='word_1_409' title='bbox 981 4066 1070 4116; x_wconf 81' lang='lat' dir='ltr'>urbem</span> <span class='ocrx_word' id='word_1_410' title='bbox 1105 4066 1235 4128; x_wconf 75' lang='lat' dir='ltr'>cingente,</span> <span class='ocrx_word' id='word_1_411' title='bbox 1259 4065 1380 4129; x_wconf 81' lang='lat' dir='ltr'>numquid</span> 
     </span>
     <span class='ocr_line' id='line_1_46' title="bbox 293 4133 1378 4205; baseline 0.006 -22"><span class='ocrx_word' id='word_1_412' title='bbox 293 4133 361 4183; x_wconf 81' lang='lat' dir='ltr'>‘Hie</span> <span class='ocrx_word' id='word_1_413' title='bbox 382 4136 464 4199; x_wconf 82' lang='lat' dir='ltr'>aetia‚&#39;</span> <span class='ocrx_word' id='word_1_414' title='bbox 496 4137 587 4203; x_wconf 85' lang='lat' dir='ltr'>iuquit,</span> <span class='ocrx_word' id='word_1_415' title='bbox 614 4139 685 4189; x_wconf 86' lang='lat' dir='ltr'>‘eum</span> <span class='ocrx_word' id='word_1_416' title='bbox 715 4141 817 4194; x_wconf 82' lang='lat' dir='ltr'>viderat</span> <span class='ocrx_word' id='word_1_417' title='bbox 854 4143 899 4192; x_wconf 84' lang='lat' dir='ltr'>ille</span> <span class='ocrx_word' id='word_1_418' title='bbox 928 4149 986 4205; x_wconf 81' lang='lat' dir='ltr'>port</span> <span class='ocrx_word' id='word_1_419' title='bbox 1006 4154 1106 4190; x_wconf 87' lang='lat' dir='ltr'>murum</span> <span class='ocrx_word' id='word_1_420' title='bbox 1125 4139 1216 4189; x_wconf 83' lang='lat' dir='ltr'>redere</span> <span class='ocrx_word' id='word_1_421' title='bbox 1239 4139 1378 4190; x_wconf 83' lang='lat' dir='ltr'>rideretur.</span> 
     </span>
     <span class='ocr_line' id='line_1_47' title="bbox 293 4208 1380 4282; baseline 0.006 -23"><span class='ocrx_word' id='word_1_422' title='bbox 293 4221 371 4277; x_wconf 81' lang='lat' dir='ltr'>parre</span> <span class='ocrx_word' id='word_1_423' title='bbox 388 4208 454 4274; x_wconf 82' lang='lat' dir='ltr'>fieti,</span> <span class='ocrx_word' id='word_1_424' title='bbox 473 4219 503 4262; x_wconf 89' lang='lat' dir='ltr'>ut</span> <span class='ocrx_word' id='word_1_425' title='bbox 529 4212 622 4278; x_wconf 81' lang='lat' dir='ltr'>aliquid</span> <span class='ocrx_word' id='word_1_426' title='bbox 645 4215 698 4266; x_wconf 83' lang='lat' dir='ltr'>trie</span> <span class='ocrx_word' id='word_1_427' title='bbox 715 4216 817 4282; x_wconf 83' lang='lat' dir='ltr'>iterum,</span> <span class='ocrx_word' id='word_1_428' title='bbox 856 4219 937 4271; x_wconf 82' lang='lat' dir='ltr'>certo</span> <span class='ocrx_word' id='word_1_429' title='bbox 948 4229 994 4269; x_wconf 86' lang='lat' dir='ltr'>rua</span> <span class='ocrx_word' id='word_1_430' title='bbox 1005 4217 1081 4266; x_wconf 80' lang='lat' dir='ltr'>aliter</span> <span class='ocrx_word' id='word_1_431' title='bbox 1093 4215 1290 4279; x_wconf 80' lang='lat' dir='ltr'>pronuntiarent</span> <span class='ocrx_word' id='word_1_432' title='bbox 1306 4213 1380 4266; x_wconf 79' lang='lat' dir='ltr'>aean</span> 
     </span>
    </p>
   </div>
   <div class='ocr_carea' id='block_1_5' title="bbox 0 0 1602 4942">
    <p class='ocr_par' dir='ltr' id='par_1_5' title="bbox 0 0 1602 4942">
     <span class='ocr_line' id='line_1_48' title="bbox 0 0 1602 4942; baseline 0 4"><span class='ocrx_word' id='word_1_433' title='bbox 0 0 1602 4942; x_wconf 95' lang='lat' dir='ltr'> </span> 
     </span>
    </p>
   </div>
  </div>
 </body>
</html>
